1968 3256
325 277 396 310 DE
423 276 974 311 REPRAESENTATIONE
1003 277 1250 324 omnem,
1276 279 1393 314 E‘rc.
1488 270 1551 314 33

160 387 333 438 eodem
355 390 502 439 modo
525 389 820 454 apparuisse,
844 388 1035 437 tamdiu
1066 389 1176 437 idea
1213 390 1311 450 illa,
1349 407 1459 454 quae
1500 393 1551 440 in

158 466 396 514 memoria
407 474 496 526 est,
516 466 752 525 consistit,
769 472 819 513 et
838 465 1043 513 confusa
1060 465 1112 513 in
1127 481 1276 513 unam
1293 482 1405 514 cum
1424 468 1549 527 idea,

160 557 270 605 quae
306 543 363 591 fit
399 559 430 591 a
466 543 572 592 visa
610 542 793 602 tabula,
818 541 870 589 in
899 541 1063 590 animo
1094 541 1351 601 retinetur,
1384 544 1549 606 potius

159 634 306 682 quam
324 619 580 668 excitatur.
618 618 860 670 Similium
879 618 1026 677 enim,
1045 617 1096 666 in
1112 625 1351 682 quantum
1375 618 1552 667 similia

158 703 290 754 sunt,
302 711 402 744 una
414 703 608 744 tantum
626 701 700 744 est
713 695 839 754 idea,
857 694 1270 758 quemadmodum
1284 710 1373 758 per
1391 701 1552 743 totum

159 771 290 820 diem
319 772 525 820 eandem
558 788 663 820 rem
700 772 948 820 intuentes
984 770 1191 819 eandem
1215 771 1320 834 ejus
1356 787 1550 835 semper

157 847 393 896 habemus
410 847 690 911 imaginem.
726 847 945 896 Excitari
963 854 1129 895 autem
1143 847 1204 895 ab
1220 854 1422 911 aspectu
1439 847 1552 895 sim-

156 923 297 987 plicis
333 923 567 987 trianguli
590 923 752 972 ideam
773 923 993 987 porticus
1017 923 1070 970 in
1102 923 1177 982 iis,
1204 923 1289 986 qui
1326 939 1551 971 assueve-

156 1006 272 1047 runt
294 1015 459 1047 rerum
477 1000 788 1063 apparentias
813 1015 925 1047 cum
941 998 1070 1046 veris
1094 998 1363 1046 earundem
1379 999 1550 1062 figuris

157 1090 456 1138 comparare,
483 1075 678 1123 difficile
716 1092 818 1124 non
842 1081 931 1134 est,
954 1082 1077 1138 puta
1101 1074 1154 1122 in
1176 1075 1383 1138 pictore,
1408 1077 1550 1139 cujus

156 1150 347 1199 animus
386 1158 625 1215 perpetuo
662 1167 750 1214 per
786 1150 1065 1199 istiusmodi
1106 1151 1302 1214 objecta
1339 1151 1551 1200 circum-

155 1227 343 1276 volitat.

221 1309 268 1351 4.
300 1302 447 1352 Quod
465 1303 506 1351 si
520 1310 872 1368 repraesentare
886 1304 938 1351 in
952 1303 1122 1352 tabula
1134 1303 1340 1351 velimus
1356 1311 1552 1353 rectan-

154 1379 325 1443 gulum
364 1380 573 1439 finitum,
612 1380 661 1428 id
706 1387 796 1438 est,
833 1382 973 1444 cujus
1013 1380 1159 1439 latus,
1193 1381 1255 1428 ab
1298 1381 1440 1429 oculo
1476 1397 1552 1429 re-

154 1455 494 1517 motissimum,
518 1473 620 1505 non
656 1457 720 1505 sit
756 1463 925 1505 tamen
952 1457 1077 1505 adeo
1114 1464 1359 1505 remotum
1382 1464 1439 1505 ut
1463 1474 1551 1506 an-

154 1533 297 1596 gulus
320 1533 518 1582 visualis
540 1533 737 1597 penitus
756 1540 1030 1593 evanescat,
1051 1534 1194 1596 quale
1219 1549 1550 1597 supponemus

155 1624 259 1658 esse
277 1609 329 1658 in
351 1610 511 1674 prima
532 1611 692 1674 figura
714 1610 1058 1674 rectangulum
1081 1610 1127 1657 A
1142 1610 1182 1657 B
1200 1610 1239 1657 C
1254 1609 1298 1657 D
1317 1631 1329 1666 ;
1360 1610 1550 1659 caeteris

153 1686 300 1734 rebus
340 1687 598 1746 stantibus,
625 1687 872 1735 dividatur
906 1686 1134 1734 bifariam
1161 1686 1200 1733 C
1215 1686 1260 1733 D
1285 1685 1337 1734 in
1360 1694 1549 1750 puncto

156 1763 223 1821 H,
248 1762 554 1827 ducaturque
591 1764 628 1810 F
648 1763 696 1810 H
742 1778 912 1811 secans
944 1762 1043 1810 GB
1074 1762 1365 1826 productam
1403 1762 1455 1811 in
1484 1763 1550 1811 X.

154 1838 344 1887 Deinde
368 1839 421 1886 in
445 1839 661 1887 secunda
684 1840 844 1903 figura
867 1847 1088 1887 sumatur
1121 1838 1332 1887 altitudo
1353 1839 1433 1887 GI
1457 1839 1552 1902 ipsi

156 1914 198 1963 G
212 1915 261 1962 X
300 1915 515 1978 aequaliS,
559 1915 803 1979 ductaque
844 1915 889 1963 D
910 1916 932 1963 I
952 1915 991 1963 C
1023 1915 1128 1963 basi
1166 1915 1208 1962 A
1226 1915 1266 1963 B
1302 1915 1550 1978 parallela,

153 1989 390 2039 habemus
406 1992 680 2055 trapezium
704 1992 750 2039 A
768 1992 808 2039 B
825 1992 864 2039 C
882 1991 927 2040 D
951 2007 1041 2055 pro
1059 1991 1228 2040 tabula
1244 1992 1552 2055 perspectiva

154 2066 427 2130 rectanguli
445 2067 544 2114 sive
562 2067 798 2130 porticus,
810 2067 1151 2116 determinatae
1168 2067 1260 2114 AB
1271 2067 1362 2115 CD
1378 2069 1550 2131 figurae

153 2142 362 2206 primae;
399 2142 486 2190 sed
522 2159 632 2206 quae
666 2142 828 2191 ideam
862 2143 1140 2207 rectanguli
1177 2143 1278 2191 sive
1311 2145 1548 2208 porticus,

153 2218 250 2266 nisi
289 2219 510 2278 assuetis,
551 2235 653 2267 non
684 2219 826 2268 facile
851 2219 1048 2279 excitat,
1074 2219 1127 2268 id
1151 2219 1283 2284 quod
1306 2227 1421 2269 ante
1446 2220 1549 2269 dic-

154 2301 261 2343 tum
285 2302 360 2343 est
383 2294 444 2343 de
468 2295 730 2358 triangulo.

223 2371 292 2419 Ut
313 2371 465 2435 igitur
487 2371 825 2420 vehementius
861 2372 1104 2421 excitetur
1138 2389 1168 2420 a
1202 2372 1290 2420 tali
1330 2372 1549 2436 trapezio

156 2447 422 2510 spectantis
459 2447 761 2511 imaginatio,
795 2448 1013 2497 dividere
1051 2449 1212 2512 ipsum
1259 2456 1458 2513 oportet
1497 2449 1550 2496 in

154 2530 319 2588 partes
342 2539 431 2587 per
453 2523 607 2572 lineas
631 2524 737 2572 basi
759 2525 1030 2588 parallelas,
1051 2524 1224 2573 eadem
1246 2525 1438 2573 ratione
1463 2525 1548 2573 de-

156 2607 430 2648 crescentes
455 2616 552 2664 qua
576 2600 869 2649 decrescunt
891 2601 1101 2664 objecta,
1124 2601 1287 2665 quoad
1309 2617 1548 2665 apparen-

155 2677 292 2736 tiam,
317 2676 434 2724 dum
458 2677 613 2741 magis
638 2678 890 2741 magisque
919 2678 980 2726 ab
1020 2677 1163 2726 oculo
1204 2684 1548 2726 removentur:

155 2753 208 2802 id
231 2753 365 2817 quod
398 2753 461 2801 inv
484 2753 616 2802 hunc
651 2754 853 2802 modum
875 2754 1022 2818 vulgo
1047 2761 1097 2802 et
1119 2760 1254 2802 recte
1277 2753 1385 2802 fieri
1410 2754 1549 2803 solet.

158 2829 283 2878 Cum
318 2837 455 2878 recta
489 2829 534 2878 D
554 2830 593 2878 C
622 2830 869 2893 (secundae
903 2831 1094 2893 figurae)
1116 2837 1440 2894 repraesentet
1463 2831 1547 2879 ob-

1606 415 1733 449 SEC'I'.
1754 415 1806 450 11.

1688 469 1721 499 4.
1827 539 1832 543 ι

1570 1312 1747 1350 Trapezium

1570 1357 1714 1395 quomodo
1723 1365 1825 1394 περι-ω-

1570 1404 1665 1429 sentat
1678 1401 1804 1438 speciem

1569 1445 1731 1483 rectanguli
1742 1444 1827 1474 finiti.

153 2906 339 2969 jectum
375 2906 421 2954 D
441 2906 480 2955 O
517 2907 731 2971 positum
772 2907 824 2955 in
863 2907 1023 2971 figura
1058 2906 1234 2971 prima,
1261 2906 1411 2957 ducta
1447 2907 1492 2956 A
1511 2906 1551 2955 C
1614 2930 1618 2934 »

290 2998 415 3031 VOL.
442 2998 504 3031 11.
1365 2999 1399 3033 D
