1982 3256
645 263 714 296 DE
743 262 991 305 VISJONE,
1019 262 1135 295 ETc.
1512 250 1572 301 75

188 380 323 422 tente
344 380 527 437 puncto
553 374 598 421 R
619 374 670 421 in
693 372 865 421 visuali
901 373 940 420 C
957 373 1018 421 Q.
1090 373 1216 420 Dato
1248 388 1365 435 ergo
1389 380 1574 435 puncto
1624 397 1754 430 SECT,
1775 397 1826 429 11,

191 450 545 498 evanescentiae
581 450 631 509 F,
668 449 812 497 datur
835 449 970 496 locus
995 448 1175 512 objecti
1204 448 1302 495 DE
1338 464 1576 510 apparens
1714 449 1744 479 ⁸·

190 541 279 589 per
325 525 588 590 dioptrum,
633 540 808 588 nempe
857 525 899 571 V
915 525 957 572 T
973 525 1034 572 N.
1130 523 1276 573 Quod
1323 530 1427 570 erat
1466 540 1578 586 pro-

190 601 422 665 positum.

261 677 445 725 Coroll.
483 676 800 725 Manifestum
822 676 938 724 hinc
963 683 1051 734 est,
1075 676 1239 723 locum
1263 681 1581 738 apparentem

193 753 389 817 objecti,
423 752 512 800 visi
534 768 622 816 per
646 751 892 815 dioptrum
916 768 1199 810 concavum,
1219 751 1458 799 minorem
1477 766 1581 798 esse

196 845 339 893 quam
365 829 417 876 in
440 829 624 876 visione
649 828 849 876 directa.
1490 817 1498 824 ’

261 909 309 952 9.
348 904 399 952 Si
431 903 679 967 dioptrum
703 903 766 951 sit
799 903 1168 967 hyperbolicum
1199 910 1403 976 rectum,
1443 903 1581 966 cujus
1601 911 1805 947 Imusimagi-

1599 955 1645 982 nis
1658 963 1709 991 per
1718 955 1864 991 ‹lioptrum

195 979 453 1028 umbilicus
477 987 706 1027 externus
731 987 806 1026 est
828 979 879 1026 in
902 987 1073 1026 centro
1097 978 1284 1037 retinae,
1318 979 1580 1041 objectum,
1598 997 1848 1068 hyplerbfflfffitiaegg

1636 1051 1655 1068 U
1668 1050 1685 1068 0
1708 1050 1769 1068 eXIS
1783 1050 1819 1068 en

197 1072 295 1120 quo
330 1055 484 1118 magis
517 1071 547 1102 a
581 1054 761 1118 dioptri
782 1056 897 1103 base
921 1062 1212 1112 removetur,
1249 1070 1306 1102 eo
1330 1054 1584 1117 apparebit
1599 1051 1633 1112 ξιξ
1644 1084 1782 1112 umbilico
1796 1093 1849 1111 ,eu

197 1141 248 1180 et
287 1131 442 1194 magis
482 1130 681 1178 confuse
722 1138 771 1178 et
811 1130 972 1177 minus
1012 1129 1353 1177 illuminatum.
1424 1130 1583 1178 Locus
1600 1127 1825 1156 s⁰⁰⁰exoe¹³⁰¹⁸·

197 1214 362 1255 autem
370 1207 480 1270 ‚ejus
495 1222 734 1269 apparens
753 1222 942 1269 semper
957 1206 1050 1253 erit
1068 1205 1213 1264 idem,
1239 1221 1414 1269 nempe
1433 1222 1584 1269 prope

197 1283 379 1331 basem.
416 1331 419 1335 ,

267 1358 343 1406 Sit
357 1358 504 1416 enim,
526 1357 598 1419 (in
614 1358 771 1421 figura
790 1358 946 1421 sexta)
965 1359 1231 1423 hyperbole
1255 1360 1300 1406 A
1316 1360 1356 1406 B
1374 1359 1428 1418 C,
1449 1360 1586 1422 cujus

199 1433 458 1482 umbilicus
495 1441 723 1482 externus
755 1434 819 1481 sit
859 1435 919 1492 D,
956 1435 1008 1481 in
1049 1434 1153 1498 ipso
1193 1442 1360 1482 centro
1398 1436 1586 1483 retinae.

203 1510 374 1573 Sitque
391 1510 638 1572 objectum
661 1510 702 1557 E
718 1511 755 1558 F
778 1511 828 1558 in
845 1511 962 1558 base
980 1511 1260 1574 hyperbolae
1280 1511 1586 1559 collocatum.

202 1587 457 1634 Ducantur
491 1593 657 1633 autem
690 1602 779 1649 per
814 1587 853 1633 E
892 1594 942 1633 et
966 1587 1003 1633 F
1042 1594 1190 1634 rectae
1227 1586 1351 1644 GH,
1388 1587 1472 1634 IK
1510 1586 1588 1634 axi

202 1661 462 1725 parallelae,
499 1677 608 1724 quae
636 1662 684 1709 in
712 1662 966 1725 superficie
991 1661 1238 1709 conoeidis
1262 1662 1590 1726 hyperbolicae

202 1737 537 1800 refringantur
550 1753 638 1800 per
655 1738 702 1784 H
712 1738 772 1795 D,
784 1738 828 1784 K
838 1738 881 1784 D
893 1758 904 1792 ;
922 1737 1352 1801 producanturque
1371 1739 1415 1786 D
1426 1739 1589 1797 H,DK

205 1813 270 1861 ad
300 1813 341 1860 L
372 1820 422 1860 et
452 1813 522 1871 Μ,
560 1813 629 1861 ita
660 1821 716 1860 ut
753 1813 873 1871 HL,
900 1814 1016 1860 KM
1050 1814 1148 1861 sint
1179 1814 1296 1877 ipsis
1333 1814 1454 1872 HE,
1492 1813 1591 1860 KF

206 1889 432 1952 aequales.
501 1889 608 1936 Erit
648 1905 765 1952 ergo
813 1889 921 1952 (per
956 1889 1073 1952 Cap.
1108 1904 1208 1937 vn.
1245 1898 1336 1937 art.
1368 1890 1414 1951 1)
1455 1889 1592 1937 locus

205 1964 378 2028 puncti
402 1965 442 2012 E
466 1980 705 2027 apparens
729 1965 780 2012 in
805 1964 859 2023 L,
890 1972 939 2011 et
960 1966 1132 2027 puncti
1156 1966 1193 2012 F
1215 1965 1266 2012 in
1290 1965 1360 2023 M,
1385 1974 1435 2012 et
1457 1965 1592 2012 locus

206 2040 358 2089 totius
395 2040 575 2103 objecti
613 2040 706 2087 EF
742 2040 793 2087 in
830 2040 954 2087 LM.
1043 2039 1094 2087 Si
1130 2040 1460 2103 intelligamus
1489 2041 1593 2103 jam

207 2117 453 2179 objectum
485 2116 524 2163 E
540 2116 577 2162 F
608 2115 846 2163 removeri
880 2131 910 2162 a
945 2115 1138 2178 dioptro
1173 2115 1301 2163 inter
1334 2115 1592 2179 parallelas

206 2193 247 2240 E
263 2192 320 2250 G,
341 2192 379 2238 F
393 2192 431 2250 Ι,
449 2198 686 2254 quantum
700 2191 816 2238 satis
833 2191 942 2249 erit,
962 2191 1168 2254 angulus
1182 2192 1389 2239 visorius
1405 2192 1445 2239 L
1460 2192 1503 2239 D
1520 2192 1592 2250 M,

207 2268 298 2317 sub
323 2283 420 2330 quo
444 2266 638 2314 videtur
673 2267 712 2314 E
729 2267 780 2325 F,
817 2274 868 2314 et
891 2268 1029 2330 cujus
1052 2275 1221 2315 vertex
1256 2268 1300 2315 D
1335 2268 1387 2315 in
1424 2275 1594 2315 centro

205 2344 380 2392 'retinae
415 2343 466 2390 in
496 2350 635 2390 tanta
672 2342 907 2390 distantia
942 2343 1210 2391 collocatur
1241 2360 1272 2391 a
1312 2343 1504 2407 dioptro
1547 2351 1596 2391 et

210 2426 381 2468 centro
417 2419 604 2478 retinae,
636 2426 925 2474 evanescet3
974 2425 1212 2482 eruntque
1237 2435 1405 2467 omnes
1429 2427 1595 2478 rectae,

211 2512 322 2560 quae
339 2512 370 2543 a
391 2495 561 2559 quovis
586 2495 767 2558 objecti
785 2502 967 2558 puncto
986 2495 1210 2543 incidunt
1231 2495 1282 2542 in
1307 2496 1346 2542 E
1364 2496 1415 2554 F,
1436 2495 1598 2559 quoad

212 2587 407 2620 sensum
445 2571 706 2634 parallelae,
748 2579 798 2618 et
836 2571 983 2634 plano
1024 2572 1063 2618 E
1080 2572 1117 2618 F
1155 2571 1595 2635 perpendiculares.

214 2647 478 2711 Supposito
498 2662 615 2710 ergo
639 2647 770 2710 quod
787 2654 971 2710 puncta
990 2647 1032 2694 G
1055 2654 1105 2694 et
1129 2648 1152 2695 I
1177 2656 1339 2695 essent
1356 2647 1406 2695 in
1426 2664 1484 2696 ea
1502 2647 1598 2696 dis-

214 2723 373 2772 tantia
394 2723 455 2771 ab
478 2723 518 2770 E
534 2723 586 2782 F,
619 2730 676 2770 ut
695 2722 862 2785 anguli
897 2722 936 2769 E
952 2722 994 2770 G
1009 2723 1061 2781 F,
1086 2723 1123 2769 F
1138 2723 1160 2770 I
1176 2723 1215 2770 E
1253 2730 1414 2771 essent
1436 2724 1598 2772 insen-

214 2799 392 2857 sibiles,
411 2806 572 2846 essent
590 2815 781 2862 quoque
800 2806 949 2846 rectae
974 2798 1016 2846 G
1031 2799 1082 2857 F,
1109 2799 1130 2846 I
1146 2799 1185 2846 E
1209 2799 1272 2846 ad
1295 2800 1600 2862 superficiem

214 2875 255 2923 E
274 2876 311 2923 F
347 2875 508 2939 quoad
550 2891 743 2923 sensum
781 2874 1221 2938 perpendiculares.
1293 2876 1355 2923 Et
1394 2876 1601 2939 proinde
