2020 3262
213 391 342 424 SEC'r.
361 392 431 425 111.

220 465 413 511 ψ

200 534 343 565 Homines

199 582 306 608 natura
319 580 445 619 aequales

201 633 263 653 esse
288 623 364 652 inter
389 634 427 653 se.

205 1505 290 1534 Unde
304 1506 434 1534 nascitur

205 1553 308 1577 mutuo
321 1560 351 1577 se
368 1550 415 1578 lae-

205 1592 292 1621 dendi
301 1593 444 1622 voluntas.

230 2338 383 2367 Discordia
396 2347 414 2366 a

229 2381 440 2418 comparatione

230 2425 412 2461 ingeniorum
419 2434 425 2451 :

469 252 557 294 162
1047 267 1332 301 LIBERTAS.

531 376 578 419 3.
615 371 771 421 Causa
793 381 951 423 metus
975 377 1133 424 mutui
1156 376 1391 435 consistit,
1414 377 1594 439 partim
1616 377 1668 424 in
1699 383 1840 427 natu-

464 446 555 494 1311
577 446 827 497 hominum
847 452 1141 513 aequalitate,
1161 452 1340 515 partim
1362 451 1414 498 in
1437 459 1609 499 mutua
1630 451 1842 500 laedendi

464 522 730 571 voluntate.
767 525 841 572 Ex
866 542 962 588 quo
984 527 1056 585 fit,
1072 534 1128 573 ut
1151 543 1310 590 neque
1330 527 1391 574 ab
1415 526 1520 574 aliis
1544 533 1841 590 exspectare,

463 612 621 662 neque
634 599 875 648 nobismet
889 601 1005 663 ipsis
1018 602 1326 660 securitatem
1338 608 1571 664 praestare
1582 602 1842 650 valeamus.

466 672 517 720 Si
541 680 813 736 spectemus
852 676 980 723 enim
1017 683 1234 724 maturos
1258 677 1492 736 homines,
1518 685 1664 740 atque
1688 677 1842 725 anim-

464 748 789 809 advertamus,
832 767 977 813 quam
1016 751 1201 815 fragilis
1247 753 1311 799 sit
1347 767 1604 815 compages
1642 751 1844 800 humani

465 824 699 887 corporis,
724 841 819 887 quo
846 833 1016 873 ruente
1041 827 1225 874 corruit
1239 828 1394 874 omnis
1410 828 1511 890 ejus
1534 827 1606 874 vis
1623 827 1772 875 robur
1794 833 1845 875 et

464 898 732 962 sapientia3
770 916 1010 964 quamque
1034 902 1176 950 facile
1207 902 1272 949 sit
1301 902 1628 950 infirmissimo
1668 902 1844 966 cuique

464 973 788 1021 robustiorem
824 976 1060 1036 occidere,
1092 993 1193 1024 non
1234 983 1309 1024 est
1345 977 1487 1040 quod·
1517 977 1624 1040 quis
1659 977 1844 1025 viribus

464 1048 621 1096 fidens
658 1050 956 1113 superiorem
991 1067 1041 1099 se
1072 1052 1177 1099 aliis
1213 1052 1398 1100 factum
1431 1059 1572 1115 putet
1595 1069 1624 1099 a
1651 1059 1842 1101 natura.

466 1123 694 1186 AEquales
718 1132 848 1183 sunt,
873 1126 954 1188 qui
979 1127 1184 1189 aequalia
1208 1134 1379 1175 contra
1416 1143 1467 1175 se
1494 1128 1703 1175 invicem
1731 1143 1845 1190 pos-

467 1205 595 1246 sunt.
664 1199 731 1246 At
755 1200 838 1262 qui
860 1201 1073 1249 maxima
1105 1210 1325 1265 possunt,
1349 1203 1579 1250 nimirum
1603 1202 1842 1261 occidere,

467 1274 673 1336 aequalia
695 1283 914 1337 possunt.
985 1277 1111 1324 Sunt
1146 1277 1295 1340 igitur
1325 1294 1492 1325 omnes
1514 1277 1736 1325 homines
1758 1294 1845 1325 na-

467 1355 580 1396 tura
600 1349 730 1396 inter
754 1365 804 1397 se
834 1351 1057 1413 aequales.
1127 1352 1436 1415 Inaequalitas
1461 1369 1570 1416 quae
1599 1369 1731 1400 nunc
1755 1360 1844 1412 est,

469 1440 498 1470 a
520 1423 628 1486 lege
652 1424 781 1471 civili
802 1425 1083 1473 introducta
1107 1434 1194 1474 est.

537 1504 586 1545 4.
624 1498 861 1547 Voluntas
897 1500 1107 1548 laedendi
1147 1503 1371 1550 omnibus
1408 1503 1604 1566 quidem
1633 1503 1760 1550 inest
1794 1503 1847 1550 in

471 1580 605 1621 statu
648 1581 853 1634 naturae,
891 1576 976 1623 sed
1019 1593 1120 1637 non
1161 1578 1221 1624 ab
1268 1577 1438 1625 eadem
1483 1594 1642 1637 causa,
1688 1593 1847 1641 neque

471 1665 609 1712 aeque
634 1650 890 1712 culpanda.
928 1651 1066 1699 Alius
1085 1652 1215 1699 enim
1234 1652 1502 1700 secundum
1519 1653 1848 1715 aequalitatem

468 1724 742 1772 naturalem
787 1726 1026 1788 permittit
1071 1727 1260 1774 caeteris
1306 1727 1477 1774 eadem
1522 1727 1701 1786 omnia,
1739 1743 1848 1790 quae

470 1800 591 1856 sibi3
627 1800 759 1863 quod
781 1801 990 1849 modesti
1011 1802 1220 1850 hominis
1244 1809 1331 1862 est,
1357 1809 1406 1850 et
1427 1803 1554 1850 vires
1585 1818 1695 1850 suas
1716 1808 1849 1850 recte

471 1875 772 1923 aestimantis
841 1877 978 1924 Alius
1013 1877 1311 1940 superiorem
1341 1894 1393 1925 se
1415 1878 1520 1925 aliis
1553 1877 1849 1935 existimans,

471 1950 634 1998 omnia
656 1950 803 1999 licere
827 1951 918 1999 sibi
942 1952 1032 1999 soli
1055 1952 1174 2010 vult,
1200 1959 1250 2000 et
1272 1968 1374 2015 prae
1398 1952 1584 2000 caeteris
1613 1953 1850 2000 honorem

471 2026 563 2074 sibi
586 2034 784 2089 arrogat
804 2048 815 2082 ;
853 2027 986 2090 quod
1008 2027 1192 2090 ingenii
1213 2027 1387 2075 ferocis
1411 2034 1498 2075 est.
1546 2027 1677 2075 Huic
1700 2027 1850 2090 igitur

471 2102 697 2149 voluntas
719 2102 931 2150 laedendi
947 2109 1019 2150 est
1042 2104 1102 2150 ab
1127 2103 1261 2150 inani
1284 2103 1441 2166 gloria
1459 2110 1507 2151 et
1529 2102 1650 2150 falsa
1671 2103 1849 2150 virium

473 2177 794 2224 aestimatione
816 2199 828 2232 ;
864 2177 935 2225 illi
969 2194 1029 2225 ex
1065 2178 1358 2225 necessitate
1382 2194 1459 2226 res
1484 2193 1594 2226 suas
1631 2185 1682 2225 et
1703 2178 1849 2225 liber-

474 2259 629 2299 tatem
653 2260 825 2299 contra
847 2253 978 2300 hunc
1003 2252 1309 2300 defendendi.

544 2333 588 2374 5.
626 2327 879 2386 Praeterea,
913 2344 1025 2374 cum
1059 2327 1323 2375 maximum
1347 2327 1408 2375 sit
1430 2335 1677 2375 certamen
1713 2327 1851 2391 inge-

474 2402 682 2460 niorum,
706 2418 902 2450 necesse
926 2410 1000 2450 est
1032 2403 1147 2450 oriri
1171 2419 1230 2450 ex
1267 2419 1325 2450 ea
1355 2403 1666 2468 contentione
1697 2404 1849 2450 maxi-

473 2493 577 2524 mas
619 2477 899 2525 discordias.
968 2478 1164 2525 Etenim
1202 2494 1303 2525 non
1341 2477 1485 2526 modo
1523 2484 1696 2525 contra
1735 2494 1851 2526 con-

473 2553 689 2612 tendere,
737 2553 822 2600 sed
867 2553 1014 2600 etiam
1060 2554 1153 2601 hoc
1195 2553 1369 2616 ipsum,
1414 2569 1514 2600 non
1559 2553 1851 2612 consentire,

474 2628 694 2675 odiosum
741 2635 827 2676 est.
898 2628 1027 2676 Nam
1071 2644 1171 2676 non
1212 2627 1484 2675 consentire
1530 2627 1674 2675 alicui
1710 2628 1762 2675 in
1797 2643 1851 2675 re

474 2702 650 2765 aliqua,
677 2710 750 2751 est
790 2719 902 2750 eum
940 2703 1117 2751 erroris
1153 2703 1203 2750 in
1241 2719 1298 2750 ea
1336 2718 1389 2750 re
1425 2703 1573 2750 tacite
1606 2719 1851 2764 accusare,

474 2776 600 2824 sicut
622 2777 673 2824 in
691 2779 833 2825 valde
856 2778 1022 2825 multis
1047 2778 1301 2825 dissentire
1338 2777 1468 2824 idem
1492 2785 1567 2825 est
1590 2784 1738 2840 atque
1761 2796 1851 2842 pro

475 2852 623 2900 stulto
648 2869 759 2900 eum
788 2854 997 2908 habere;
1034 2853 1165 2916 quod
1204 2869 1264 2901 ex
1307 2869 1363 2900 eo
1401 2868 1634 2916 apparere
1674 2860 1849 2916 potest,
