2020 3262
391 254 462 286 DE
489 253 726 287 LEGIBUS
754 254 991 288 NATURAE
1019 256 1302 295 RELIQUIS.
1451 249 1537 292 191

152 364 326 414 haberi
346 371 525 428 potest,
549 365 655 428 lege
674 365 887 414 naturali
909 366 1191 415 institutum
1215 374 1303 427 est,
1329 369 1462 431 quod
1483 370 1546 418 sit
1584 392 1712 425 SEcvr,
1733 393 1802 426 111,

153 447 456 504 praeceptum
479 440 838 500 duodecimum,
862 448 919 489 ut
958 443 1066 505 ejas
1095 442 1174 490 rei
1197 459 1315 490 usus
1353 444 1434 491 vel
1468 445 1545 493 al-
1678 445 1708 475 3·

152 523 329 565 ternus
368 517 454 577 eit,
491 516 573 565 vel
608 517 694 565 ani
740 523 931 565 tantam
976 525 1116 566 sorte
1155 518 1542 580 adjudicandus,
1563 537 1623 586 1¹0³}
1633 540 1748 566 natum
1759 538 1828 565 duo-

153 598 306 657 utqae
329 592 381 641 in
403 592 600 642 alterno
637 609 728 641 asa
764 600 904 642 sorte
940 611 1150 658 quoque,
1175 594 1289 658 quis
1313 594 1387 642 ad
1405 602 1544 643 aten-
1562 580 1733 652 {533¹}ssssss
1750 584 1826 609 ⁸⁰⁸⁰

152 668 270 718 dum
283 669 439 735 prior
455 669 540 726 sit,
552 669 834 733 judicetur.
905 670 1035 718 Nam
1057 670 1138 718 hic
1162 686 1356 734 quoque
1380 686 1544 734 aequa-

151 744 264 793 litas
314 745 583 809 spectanda
627 752 716 805 est,
772 746 868 794 alia
914 754 1078 795 autem
1114 747 1326 795 inveniri
1363 753 1544 811 praeter

150 828 337 870 sortem
358 837 460 870 non
482 828 659 886 potest.

226 902 301 946 18.
339 896 455 946 Sors
482 904 646 946 autem
681 897 862 961 duplex
896 904 1003 946 est:
1038 897 1117 945 vel
1140 896 1428 946 arbitraria
1466 898 1544 945 vel
1562 903 1624 932 ux
1636 906 1748 932 naturae
1762 904 1808 932 ὼ

1561 948 1637 976 eima
1657 948 1752 980 tertia,
1771 948 1807 975 de

152 972 427 1022 naturalis.
496 973 771 1022 Arbitraria
805 973 890 1021 illa
930 979 1021 1031 est,
1061 989 1171 1037 quae
1207 973 1266 1020 fit
1303 989 1543 1022 consensu
1559 991 1795 1041 primogenitura,

153 1047 569 1097 contendentium.
624 1049 691 1096 Et
714 1049 809 1096 sita
832 1055 906 1096 est
929 1048 981 1096 in
1007 1065 1123 1097 casu
1145 1064 1297 1108 mero,
1322 1056 1374 1097 et
1396 1049 1540 1110 forte,
1559 1038 1702 1115 {ffiffia
1724 1043 1807 1062 ΟΜ

153 1123 286 1187 quod
307 1124 462 1185 aiunt,
481 1125 694 1173 fortuna.
731 1124 982 1173 Naturalis
1006 1132 1094 1184 est,
1111 1125 1541 1190 primogenitura,

147 1199 323 1248 -Graece
359 1200 628 1263 κληρονομία
657 1200 796 1264 quasi
826 1207 958 1248 sorte
994 1201 1252 1260 tributum,
1286 1208 1337 1249 et
1367 1201 1543 1266 prima

151 1275 431 1340 occupatio.
502 1275 676 1338 Itaque
701 1291 811 1339 quae
834 1291 993 1339 neque
1018 1276 1186 1335 dividi,
1213 1292 1372 1339 neque
1409 1293 1543 1325 com-

150 1350 366 1399 muniter
402 1351 574 1399 haberi
609 1359 830 1415 possunt,
857 1352 1040 1400 cedunt
1066 1353 1226 1416 primo
1250 1354 1540 1416 occupanti3

147 1427 277 1475 >item
293 1426 639 1492 primogenito,
666 1443 724 1475 ea
747 1444 856 1491 quae
870 1428 1024 1491 patris
1046 1428 1263 1487 fuerunt,
1286 1428 1381 1477 nisi
1403 1436 1544 1492 pater

150 1503 255 1568 ipse
274 1503 366 1567 jus
402 1502 525 1551 illud
559 1504 867 1552 transtulerit
888 1504 1039 1568 prius.
1110 1505 1186 1553 Sit
1208 1504 1362 1568 igitur
1384 1521 1443 1553 ea
1464 1505 1544 1553 lex

149 1585 341 1628 naturae
363 1578 556 1628 decima
577 1581 740 1628 tertia.

223 1659 298 1704 19.
334 1655 480 1719 Legis
518 1655 757 1703 naturalis
789 1655 1033 1705 decimum
1058 1664 1288 1720 quartum
1325 1673 1543 1722 praecep-
1561 1671 1623 1701 Lex
1636 1674 1749 1701 naturae
1761 1672 1806 1700 de„

1560 1716 1636 1744 eima
1658 1719 1770 1753 quarta,
1789 1716 1825 1744 de
1882 1732 1883 1736 =

149 1737 258 1779 tum
303 1739 393 1790 est,
436 1731 588 1796 pacis
633 1731 995 1780 mediatoribus
1031 1732 1381 1797 praestandam
1432 1751 1542 1782 esse
1558 1759 1756 1788 mmmmm
1769 1769 1825 1787 me„

151 1805 552 1854 incolumitatem.
596 1807 743 1855 Ratio
768 1807 913 1866 enim,
930 1824 1040 1871 quae
1058 1809 1200 1872 jubet
1221 1809 1386 1868 finem,
1400 1811 1541 1873 jubet
1559 1803 1704 1831 mmmm
1735 1803 1823 1841 ΡΜ·

149 1881 299 1930 etiam
333 1881 494 1930 media
529 1882 816 1930 necessaria.
887 1884 1103 1932 Primum
1137 1891 1302 1933 autem
1336 1886 1541 1935 rationis

150 1957 396 2006 dictamen
422 1974 533 2022 pax
570 1965 657 2018 est,
694 1966 874 2007 caetera
914 1969 1028 2008 sunt
1065 1961 1129 2008 ad
1158 1961 1334 2020 media,
1358 1978 1539 2026 pacem

147 2033 252 2082 sine
293 2034 468 2097 quibus
503 2050 611 2098 pax
651 2050 754 2082 esse
796 2051 896 2083 non
931 2042 1127 2099 potest3
1179 2037 1266 2085 sed
1305 2053 1397 2086 nec
1437 2039 1540 2086 sine

146 2110 447 2158 mediatione
484 2126 615 2175 pax,
654 2127 746 2159 nec
789 2112 892 2159 sine
933 2112 1269 2162 incolumitate
1305 2114 1540 2163 mediatio

147 2185 319 2235 haberi
341 2193 519 2251 potest.
556 2186 644 2235 Est
668 2203 786 2250 ergo
812 2187 1057 2237 dictamen
1080 2190 1302 2249 rationis,
1328 2190 1425 2239 hoc
1450 2198 1538 2250 est,

147 2261 228 2310 lex
258 2269 463 2321 naturae,
493 2263 649 2326 paci-s·
686 2263 1035 2313 mediatoribus
1069 2266 1402 2329 praestandam
1435 2283 1538 2316 esse

142 2338 554 2387 incolumitatem.

216 2420 297 2464 20.
333 2415 486 2463 Porro
511 2415 759 2478 quoniam,
784 2415 877 2464 etsi
915 2417 1138 2466 homines
1162 2419 1215 2466 in
1239 2434 1410 2467 omnes
1433 2419 1537 2478 has,
1558 2431 1746 2482 12e25natur3³e

149 2498 200 2540 et
217 2490 259 2539 si
283 2507 392 2554 quae
406 2490 513 2539 aliae
532 2498 660 2550 sunt,
688 2498 878 2540 naturae
900 2492 1034 2556 leges
1058 2494 1409 2553 consentirent,
1435 2510 1540 2543 eas·
1556 2475 1805 2548 {Z‘ffifflssz

149 2582 244 2631 que
284 2566 538 2615 studerent
574 2567 846 2624 observare,
871 2567 1019 2617 dubia
1053 2576 1218 2618 tamen
1256 2577 1305 2618 et
1341 2579 1539 2620 contro·
1556 2562 1671 2592 ”bitm‘

143 2642 319 2692 versiae
343 2642 562 2706 quotidie
586 2642 806 2691 orientur
830 2643 890 2691 de
913 2644 1078 2708 legum
1099 2646 1273 2694 harum
1308 2646 1372 2694 ad
1407 2646 1539 2696 facta

153 2719 502 2784 applicatione:
527 2719 759 2766 nimirum
782 2735 843 2766 an
869 2719 1002 2783 quod
1018 2720 1225 2782 factum
1249 2722 1328 2781 sit,
1345 2722 1408 2770 sit
1426 2739 1539 2771 con-

143 2803 230 2844 tra
268 2794 430 2860 legem
467 2811 654 2851 necne;
692 2811 801 2858 quae
839 2796 1042 2859 quaestio
1075 2797 1199 2860 juris
1234 2797 1441 2854 dicitur3
1477 2815 1538 2847 ex

143 2871 327 2934 quibus
364 2878 595 2933 sequetur
630 2886 796 2935 pugna
831 2871 959 2919 inter
998 2880 1179 2935 partes,
1202 2873 1446 2937 utrimque
1487 2890 1538 2923 se
