<?xml version="1.0" encoding="UTF-8"?>
<!DOCTYPE html PUBLIC "-//W3C//DTD XHTML 1.0 Transitional//EN"
    "http://www.w3.org/TR/xhtml1/DTD/xhtml1-transitional.dtd">
<html xmlns="http://www.w3.org/1999/xhtml" xml:lang="en" lang="en">
 <head>
  <title>
</title>
<meta http-equiv="Content-Type" content="text/html;charset=utf-8" />
  <meta name='ocr-system' content='tesseract 3.04.00' />
  <meta name='ocr-capabilities' content='ocr_page ocr_carea ocr_par ocr_line ocrx_word'/>
</head>
<body>
  <div class='ocr_page' id='page_1' title='image "./operaphilosophic02hobbuoft_0301.png"; bbox 0 0 2020 3262; ppageno 0'>
   <div class='ocr_carea' id='block_1_1' title="bbox 0 0 130 2823">
    <p class='ocr_par' dir='ltr' id='par_1_1' title="bbox 0 0 130 2823">
     <span class='ocr_line' id='line_1_1' title="bbox 0 0 130 2823; baseline 0 0"><span class='ocrx_word' id='word_1_1' title='bbox 0 0 130 2823; x_wconf 95' lang='lat' dir='ltr'> </span> 
     </span>
    </p>
   </div>
   <div class='ocr_carea' id='block_1_2' title="bbox 292 274 1591 326">
    <p class='ocr_par' dir='ltr' id='par_1_2' title="bbox 292 274 1591 326">
     <span class='ocr_line' id='line_1_2' title="bbox 292 274 1591 326; baseline 0 -6"><span class='ocrx_word' id='word_1_2' title='bbox 292 287 364 320; x_wconf 88' lang='lat' dir='ltr'>DE</span> <span class='ocrx_word' id='word_1_3' title='bbox 387 285 581 320; x_wconf 88' lang='lat' dir='ltr'>CAUSIS</span> <span class='ocrx_word' id='word_1_4' title='bbox 610 284 918 320; x_wconf 84' lang='lat' dir='ltr'>CIVITATEM</span> <span class='ocrx_word' id='word_1_5' title='bbox 943 284 1444 320; x_wconf 88' lang='lat' dir='ltr'><strong>DISSOLVENTIBUS.</strong></span> <span class='ocrx_word' id='word_1_6' title='bbox 1494 274 1591 326; x_wconf 83' lang='lat'>287</span> 
     </span>
    </p>
   </div>
   <div class='ocr_carea' id='block_1_3' title="bbox 188 394 1890 2740">
    <p class='ocr_par' dir='ltr' id='par_1_3' title="bbox 190 394 1854 613">
     <span class='ocr_line' id='line_1_3' title="bbox 191 394 1854 459; baseline -0.001 -14"><span class='ocrx_word' id='word_1_7' title='bbox 191 396 344 446; x_wconf 88' lang='lat' dir='ltr'>ticulo</span> <span class='ocrx_word' id='word_1_8' title='bbox 358 396 650 445; x_wconf 87' lang='lat' dir='ltr'>notavimus.</span> <span class='ocrx_word' id='word_1_9' title='bbox 722 396 851 444; x_wconf 89' lang='lat' dir='ltr'>Nam</span> <span class='ocrx_word' id='word_1_10' title='bbox 867 410 956 459; x_wconf 91' lang='lat' dir='ltr'>per</span> <span class='ocrx_word' id='word_1_11' title='bbox 969 394 1213 458; x_wconf 86' lang='lat' dir='ltr'>judicium</span> <span class='ocrx_word' id='word_1_12' title='bbox 1230 402 1455 443; x_wconf 88' lang='lat' dir='ltr'>nostrum</span> <span class='ocrx_word' id='word_1_13' title='bbox 1481 396 1593 444; x_wconf 82' lang='lat' dir='ltr'>boni</span> <span class='ocrx_word' id='word_1_14' title='bbox 1636 420 1763 452; x_wconf 73' lang='lat' dir='ltr'>SECT,</span> <span class='ocrx_word' id='word_1_15' title='bbox 1784 419 1854 451; x_wconf 80' lang='lat'>111,</span> 
     </span>
     <span class='ocr_line' id='line_1_4' title="bbox 191 470 1771 536; baseline -0.002 -14"><span class='ocrx_word' id='word_1_16' title='bbox 191 481 242 522; x_wconf 90' lang='lat' dir='ltr'>et</span> <span class='ocrx_word' id='word_1_17' title='bbox 279 472 416 532; x_wconf 82' lang='lat' dir='ltr'>mali,</span> <span class='ocrx_word' id='word_1_18' title='bbox 454 472 660 521; x_wconf 88' lang='lat' dir='ltr'>facimus</span> <span class='ocrx_word' id='word_1_19' title='bbox 700 472 809 536; x_wconf 90' lang='lat' dir='ltr'>ipsi,</span> <span class='ocrx_word' id='word_1_20' title='bbox 846 478 904 519; x_wconf 90' lang='lat' dir='ltr'>ut</span> <span class='ocrx_word' id='word_1_21' title='bbox 943 480 1046 519; x_wconf 84' lang='lat' dir='ltr'>tam</span> <span class='ocrx_word' id='word_1_22' title='bbox 1087 470 1369 518; x_wconf 82' lang='lat' dir='ltr'>obedientia</span> <span class='ocrx_word' id='word_1_23' title='bbox 1407 479 1593 529; x_wconf 87' lang='lat' dir='ltr'>nostra,</span> <span class='ocrx_word' id='word_1_24' title='bbox 1722 472 1771 502; x_wconf 76' lang='lat'>¹²·</span> 
     </span>
     <span class='ocr_line' id='line_1_5' title="bbox 190 548 1084 613; baseline -0.003 -16"><span class='ocrx_word' id='word_1_25' title='bbox 190 565 340 613; x_wconf 85' lang='lat' dir='ltr'>quam</span> <span class='ocrx_word' id='word_1_26' title='bbox 366 549 702 597; x_wconf 87' lang='lat' dir='ltr'>inobedientia</span> <span class='ocrx_word' id='word_1_27' title='bbox 723 548 787 596; x_wconf 90' lang='lat' dir='ltr'>sit</span> <span class='ocrx_word' id='word_1_28' title='bbox 808 554 1084 612; x_wconf 76' lang='lat' dir='ltr'>peccatum,</span> 
     </span>
    </p>

    <p class='ocr_par' dir='ltr' id='par_1_4' title="bbox 188 620 1883 2587">
     <span class='ocr_line' id='line_1_6' title="bbox 259 620 1882 702; baseline -0.002 -30"><span class='ocrx_word' id='word_1_29' title='bbox 259 631 307 673; x_wconf 89' lang='lat'>3.</span> <span class='ocrx_word' id='word_1_30' title='bbox 342 625 511 672; x_wconf 86' lang='lat' dir='ltr'>Tertia</span> <span class='ocrx_word' id='word_1_31' title='bbox 525 624 749 672; x_wconf 85' lang='lat' dir='ltr'>doctrina</span> <span class='ocrx_word' id='word_1_32' title='bbox 766 623 999 671; x_wconf 86' lang='lat' dir='ltr'>seditiosa</span> <span class='ocrx_word' id='word_1_33' title='bbox 1017 623 1079 670; x_wconf 88' lang='lat' dir='ltr'>ab</span> <span class='ocrx_word' id='word_1_34' title='bbox 1099 621 1272 669; x_wconf 89' lang='lat' dir='ltr'>eadem</span> <span class='ocrx_word' id='word_1_35' title='bbox 1295 620 1461 669; x_wconf 84' lang='lat' dir='ltr'>radice</span> <span class='ocrx_word' id='word_1_36' title='bbox 1486 630 1597 669; x_wconf 87' lang='lat' dir='ltr'>orta</span> <span class='ocrx_word' id='word_1_37' title='bbox 1635 630 1882 702; x_wconf 46' lang='lat' dir='ltr'>Tyrffpyicidium</span> 
     </span>
     <span class='ocr_line' id='line_1_7' title="bbox 190 678 1883 765; baseline -0.001 -17"><span class='ocrx_word' id='word_1_38' title='bbox 190 707 282 759; x_wconf 91' lang='lat' dir='ltr'>est,</span> <span class='ocrx_word' id='word_1_39' title='bbox 302 700 693 765; x_wconf 74' lang='lat' dir='ltr'>tyrannicidium</span> <span class='ocrx_word' id='word_1_40' title='bbox 716 716 826 747; x_wconf 75' lang='lat' dir='ltr'>esse</span> <span class='ocrx_word' id='word_1_41' title='bbox 851 698 1058 747; x_wconf 82' lang='lat' dir='ltr'>licitum.</span> <span class='ocrx_word' id='word_1_42' title='bbox 1129 698 1235 746; x_wconf 92' lang='lat' dir='ltr'>Imo</span> <span class='ocrx_word' id='word_1_43' title='bbox 1252 697 1400 745; x_wconf 89' lang='lat' dir='ltr'>hodie</span> <span class='ocrx_word' id='word_1_44' title='bbox 1424 714 1454 745; x_wconf 91' lang='lat' dir='ltr'>a</span> <span class='ocrx_word' id='word_1_45' title='bbox 1471 714 1595 745; x_wconf 93' lang='lat' dir='ltr'>non-</span> <span class='ocrx_word' id='word_1_46' title='bbox 1634 678 1883 755; x_wconf 54' lang='grc' dir='ltr'>Ξῗῗᾷεἵηῖἲῑίιῗῖἶ</span> 
     </span>
     <span class='ocr_line' id='line_1_8' title="bbox 190 773 1596 840; baseline -0.003 -16"><span class='ocrx_word' id='word_1_47' title='bbox 190 776 337 824; x_wconf 89' lang='lat' dir='ltr'>nullis</span> <span class='ocrx_word' id='word_1_48' title='bbox 351 776 607 840; x_wconf 88' lang='lat' dir='ltr'>theologis,</span> <span class='ocrx_word' id='word_1_49' title='bbox 624 783 674 824; x_wconf 88' lang='lat' dir='ltr'>et</span> <span class='ocrx_word' id='word_1_50' title='bbox 688 775 804 824; x_wconf 89' lang='lat' dir='ltr'>olim</span> <span class='ocrx_word' id='word_1_51' title='bbox 819 775 880 823; x_wconf 88' lang='lat' dir='ltr'>ab</span> <span class='ocrx_word' id='word_1_52' title='bbox 897 774 1123 823; x_wconf 91' lang='lat' dir='ltr'>omnibus</span> <span class='ocrx_word' id='word_1_53' title='bbox 1139 773 1369 837; x_wconf 91' lang='lat' dir='ltr'>sophistis</span> <span class='ocrx_word' id='word_1_54' title='bbox 1378 773 1596 832; x_wconf 89' lang='lat' dir='ltr'>Platone,</span> 
     </span>
     <span class='ocr_line' id='line_1_9' title="bbox 191 849 1597 913; baseline -0.001 -13"><span class='ocrx_word' id='word_1_55' title='bbox 191 851 475 911; x_wconf 85' lang='lat' dir='ltr'>Aristotele,</span> <span class='ocrx_word' id='word_1_56' title='bbox 501 851 753 907; x_wconf 88' lang='lat' dir='ltr'>Cicerone,</span> <span class='ocrx_word' id='word_1_57' title='bbox 780 851 982 909; x_wconf 86' lang='lat' dir='ltr'>Seneca,</span> <span class='ocrx_word' id='word_1_58' title='bbox 1005 850 1285 908; x_wconf 79' lang='lat' dir='ltr'>Plutarcho,</span> <span class='ocrx_word' id='word_1_59' title='bbox 1306 849 1597 913; x_wconf 83' lang='lat' dir='ltr'>caeterisque</span> 
     </span>
     <span class='ocr_line' id='line_1_10' title="bbox 191 925 1598 984; baseline -0.002 -8"><span class='ocrx_word' id='word_1_60' title='bbox 191 927 376 976; x_wconf 84' lang='lat' dir='ltr'>Graecae</span> <span class='ocrx_word' id='word_1_61' title='bbox 400 935 451 975; x_wconf 90' lang='lat' dir='ltr'>et</span> <span class='ocrx_word' id='word_1_62' title='bbox 483 927 720 975; x_wconf 86' lang='lat' dir='ltr'>Romanae</span> <span class='ocrx_word' id='word_1_63' title='bbox 745 926 989 974; x_wconf 87' lang='lat' dir='ltr'>anarchiae</span> <span class='ocrx_word' id='word_1_64' title='bbox 1012 925 1306 984; x_wconf 86' lang='lat' dir='ltr'>fautoribus,</span> <span class='ocrx_word' id='word_1_65' title='bbox 1330 941 1433 974; x_wconf 94' lang='lat' dir='ltr'>non</span> <span class='ocrx_word' id='word_1_66' title='bbox 1450 926 1598 974; x_wconf 91' lang='lat' dir='ltr'>modo</span> 
     </span>
     <span class='ocr_line' id='line_1_11' title="bbox 190 1001 1597 1065; baseline -0.001 -14"><span class='ocrx_word' id='word_1_67' title='bbox 190 1003 397 1062; x_wconf 88' lang='lat' dir='ltr'>licitum,</span> <span class='ocrx_word' id='word_1_68' title='bbox 423 1003 511 1051; x_wconf 90' lang='lat' dir='ltr'>sed</span> <span class='ocrx_word' id='word_1_69' title='bbox 535 1003 683 1051; x_wconf 87' lang='lat' dir='ltr'>etiam</span> <span class='ocrx_word' id='word_1_70' title='bbox 711 1003 925 1050; x_wconf 87' lang='lat' dir='ltr'>maxima</span> <span class='ocrx_word' id='word_1_71' title='bbox 947 1001 1093 1050; x_wconf 87' lang='lat' dir='ltr'>laude</span> <span class='ocrx_word' id='word_1_72' title='bbox 1118 1001 1323 1065; x_wconf 89' lang='lat' dir='ltr'>dignum</span> <span class='ocrx_word' id='word_1_73' title='bbox 1349 1002 1597 1050; x_wconf 83' lang='lat' dir='ltr'>existima-</span> 
     </span>
     <span class='ocr_line' id='line_1_12' title="bbox 189 1078 1598 1143; baseline -0.001 -16"><span class='ocrx_word' id='word_1_74' title='bbox 189 1085 298 1127; x_wconf 88' lang='lat' dir='ltr'>tum</span> <span class='ocrx_word' id='word_1_75' title='bbox 328 1085 418 1127; x_wconf 90' lang='lat' dir='ltr'>est.</span> <span class='ocrx_word' id='word_1_76' title='bbox 495 1079 841 1143; x_wconf 80' lang='lat' dir='ltr'>Tyrannorum</span> <span class='ocrx_word' id='word_1_77' title='bbox 877 1086 1043 1126; x_wconf 88' lang='lat' dir='ltr'>autem</span> <span class='ocrx_word' id='word_1_78' title='bbox 1076 1078 1275 1126; x_wconf 90' lang='lat' dir='ltr'>nomine</span> <span class='ocrx_word' id='word_1_79' title='bbox 1311 1078 1598 1142; x_wconf 85' lang='lat' dir='ltr'>intelligunt</span> 
     </span>
     <span class='ocr_line' id='line_1_13' title="bbox 190 1153 1598 1219; baseline 0 -16"><span class='ocrx_word' id='word_1_80' title='bbox 190 1171 291 1203; x_wconf 92' lang='lat' dir='ltr'>non</span> <span class='ocrx_word' id='word_1_81' title='bbox 315 1154 473 1203; x_wconf 89' lang='lat' dir='ltr'>solum</span> <span class='ocrx_word' id='word_1_82' title='bbox 496 1155 804 1210; x_wconf 86' lang='lat' dir='ltr'>monarchas,</span> <span class='ocrx_word' id='word_1_83' title='bbox 822 1153 910 1202; x_wconf 88' lang='lat' dir='ltr'>sed</span> <span class='ocrx_word' id='word_1_84' title='bbox 928 1170 1099 1202; x_wconf 85' lang='lat' dir='ltr'>omnes</span> <span class='ocrx_word' id='word_1_85' title='bbox 1123 1171 1207 1203; x_wconf 91' lang='lat' dir='ltr'>eos</span> <span class='ocrx_word' id='word_1_86' title='bbox 1233 1155 1317 1218; x_wconf 91' lang='lat' dir='ltr'>qui</span> <span class='ocrx_word' id='word_1_87' title='bbox 1336 1155 1598 1219; x_wconf 88' lang='lat' dir='ltr'>imperium</span> 
     </span>
     <span class='ocr_line' id='line_1_14' title="bbox 190 1230 1598 1293; baseline 0.001 -14"><span class='ocrx_word' id='word_1_88' title='bbox 190 1230 436 1279; x_wconf 87' lang='lat' dir='ltr'>summum</span> <span class='ocrx_word' id='word_1_89' title='bbox 474 1230 526 1277; x_wconf 92' lang='lat' dir='ltr'>in</span> <span class='ocrx_word' id='word_1_90' title='bbox 564 1245 859 1293; x_wconf 90' lang='lat' dir='ltr'>quocunque</span> <span class='ocrx_word' id='word_1_91' title='bbox 900 1246 1082 1293; x_wconf 84' lang='lat' dir='ltr'>genere</span> <span class='ocrx_word' id='word_1_92' title='bbox 1114 1230 1329 1279; x_wconf 84' lang='lat' dir='ltr'>civitatis</span> <span class='ocrx_word' id='word_1_93' title='bbox 1363 1231 1598 1280; x_wconf 89' lang='lat' dir='ltr'>adminis-</span> 
     </span>
     <span class='ocr_line' id='line_1_15' title="bbox 190 1306 1599 1371; baseline 0.001 -17"><span class='ocrx_word' id='word_1_94' title='bbox 190 1313 341 1355; x_wconf 87' lang='lat' dir='ltr'>trant.</span> <span class='ocrx_word' id='word_1_95' title='bbox 412 1306 527 1354; x_wconf 93' lang='lat' dir='ltr'>Non</span> <span class='ocrx_word' id='word_1_96' title='bbox 561 1306 693 1353; x_wconf 87' lang='lat' dir='ltr'>enim</span> <span class='ocrx_word' id='word_1_97' title='bbox 717 1306 926 1354; x_wconf 84' lang='lat' dir='ltr'>Athenis</span> <span class='ocrx_word' id='word_1_98' title='bbox 968 1306 1248 1355; x_wconf 85' lang='lat' dir='ltr'>Pisistratus</span> <span class='ocrx_word' id='word_1_99' title='bbox 1284 1315 1494 1366; x_wconf 86' lang='lat' dir='ltr'>tantum,</span> <span class='ocrx_word' id='word_1_100' title='bbox 1515 1309 1599 1371; x_wconf 90' lang='lat' dir='ltr'>qui</span> 
     </span>
     <span class='ocr_line' id='line_1_16' title="bbox 190 1382 1598 1446; baseline 0 -15"><span class='ocrx_word' id='word_1_101' title='bbox 190 1382 321 1431; x_wconf 89' lang='lat' dir='ltr'>solus</span> <span class='ocrx_word' id='word_1_102' title='bbox 352 1382 614 1446; x_wconf 88' lang='lat' dir='ltr'>imperium</span> <span class='ocrx_word' id='word_1_103' title='bbox 646 1383 835 1442; x_wconf 84' lang='lat' dir='ltr'>habuit,</span> <span class='ocrx_word' id='word_1_104' title='bbox 861 1382 947 1430; x_wconf 90' lang='lat' dir='ltr'>sed</span> <span class='ocrx_word' id='word_1_105' title='bbox 984 1391 1100 1446; x_wconf 90' lang='lat' dir='ltr'>post</span> <span class='ocrx_word' id='word_1_106' title='bbox 1124 1400 1237 1431; x_wconf 87' lang='lat' dir='ltr'>eum</span> <span class='ocrx_word' id='word_1_107' title='bbox 1260 1383 1467 1446; x_wconf 88' lang='lat' dir='ltr'>triginta</span> <span class='ocrx_word' id='word_1_108' title='bbox 1488 1384 1598 1443; x_wconf 87' lang='lat' dir='ltr'>viri,</span> 
     </span>
     <span class='ocr_line' id='line_1_17' title="bbox 190 1459 1598 1524; baseline 0 -17"><span class='ocrx_word' id='word_1_109' title='bbox 190 1459 276 1524; x_wconf 87' lang='lat' dir='ltr'>qui</span> <span class='ocrx_word' id='word_1_110' title='bbox 315 1459 460 1507; x_wconf 91' lang='lat' dir='ltr'>simul</span> <span class='ocrx_word' id='word_1_111' title='bbox 501 1459 740 1507; x_wconf 85' lang='lat' dir='ltr'>dominati</span> <span class='ocrx_word' id='word_1_112' title='bbox 773 1466 902 1518; x_wconf 88' lang='lat' dir='ltr'>sunt,</span> <span class='ocrx_word' id='word_1_113' title='bbox 940 1459 1121 1523; x_wconf 83' lang='lat' dir='ltr'>singuli</span> <span class='ocrx_word' id='word_1_114' title='bbox 1157 1459 1365 1523; x_wconf 84' lang='lat' dir='ltr'>tyranni</span> <span class='ocrx_word' id='word_1_115' title='bbox 1402 1460 1598 1523; x_wconf 86' lang='lat' dir='ltr'>appela-</span> 
     </span>
     <span class='ocr_line' id='line_1_18' title="bbox 188 1535 1597 1598; baseline 0 -15"><span class='ocrx_word' id='word_1_116' title='bbox 188 1535 384 1583; x_wconf 83' lang='lat' dir='ltr'>bantur.</span> <span class='ocrx_word' id='word_1_117' title='bbox 457 1535 556 1584; x_wconf 82' lang='lat' dir='ltr'>Sed</span> <span class='ocrx_word' id='word_1_118' title='bbox 578 1536 635 1593; x_wconf 91' lang='lat' dir='ltr'>is,</span> <span class='ocrx_word' id='word_1_119' title='bbox 661 1551 806 1598; x_wconf 91' lang='lat' dir='ltr'>quem</span> <span class='ocrx_word' id='word_1_120' title='bbox 831 1535 1007 1591; x_wconf 89' lang='lat' dir='ltr'>occidi,</span> <span class='ocrx_word' id='word_1_121' title='bbox 1025 1543 1083 1582; x_wconf 90' lang='lat' dir='ltr'>ut</span> <span class='ocrx_word' id='word_1_122' title='bbox 1099 1541 1380 1598; x_wconf 82' lang='lat' dir='ltr'>tyrannum,</span> <span class='ocrx_word' id='word_1_123' title='bbox 1408 1535 1597 1595; x_wconf 88' lang='lat' dir='ltr'>volunt,</span> 
     </span>
     <span class='ocr_line' id='line_1_19' title="bbox 189 1609 1597 1676; baseline 0.001 -17"><span class='ocrx_word' id='word_1_124' title='bbox 189 1609 268 1659; x_wconf 76' lang='lat' dir='ltr'>vel</span> <span class='ocrx_word' id='word_1_125' title='bbox 302 1611 416 1675; x_wconf 89' lang='lat' dir='ltr'>jure</span> <span class='ocrx_word' id='word_1_126' title='bbox 452 1611 678 1676; x_wconf 88' lang='lat' dir='ltr'>imperat,</span> <span class='ocrx_word' id='word_1_127' title='bbox 705 1611 783 1659; x_wconf 90' lang='lat' dir='ltr'>vel</span> <span class='ocrx_word' id='word_1_128' title='bbox 819 1612 1004 1674; x_wconf 89' lang='lat' dir='ltr'>absque</span> <span class='ocrx_word' id='word_1_129' title='bbox 1023 1612 1165 1674; x_wconf 88' lang='lat' dir='ltr'>jure:</span> <span class='ocrx_word' id='word_1_130' title='bbox 1203 1611 1244 1659; x_wconf 89' lang='lat' dir='ltr'>si</span> <span class='ocrx_word' id='word_1_131' title='bbox 1268 1612 1450 1675; x_wconf 86' lang='lat' dir='ltr'>absque</span> <span class='ocrx_word' id='word_1_132' title='bbox 1469 1613 1597 1675; x_wconf 87' lang='lat' dir='ltr'>jure,</span> 
     </span>
     <span class='ocr_line' id='line_1_20' title="bbox 188 1687 1599 1751; baseline -0.001 -15"><span class='ocrx_word' id='word_1_133' title='bbox 188 1687 347 1736; x_wconf 91' lang='lat' dir='ltr'>hostis</span> <span class='ocrx_word' id='word_1_134' title='bbox 367 1694 455 1747; x_wconf 87' lang='lat' dir='ltr'>est,</span> <span class='ocrx_word' id='word_1_135' title='bbox 480 1695 530 1736; x_wconf 92' lang='lat' dir='ltr'>et</span> <span class='ocrx_word' id='word_1_136' title='bbox 549 1689 661 1751; x_wconf 86' lang='lat' dir='ltr'>jure</span> <span class='ocrx_word' id='word_1_137' title='bbox 685 1687 954 1741; x_wconf 84' lang='lat' dir='ltr'>occiditur;</span> <span class='ocrx_word' id='word_1_138' title='bbox 981 1687 1068 1735; x_wconf 90' lang='lat' dir='ltr'>sed</span> <span class='ocrx_word' id='word_1_139' title='bbox 1092 1687 1190 1735; x_wconf 87' lang='lat' dir='ltr'>dici</span> <span class='ocrx_word' id='word_1_140' title='bbox 1209 1687 1356 1735; x_wconf 87' lang='lat' dir='ltr'>debet</span> <span class='ocrx_word' id='word_1_141' title='bbox 1378 1688 1473 1735; x_wconf 88' lang='lat' dir='ltr'>hoc</span> <span class='ocrx_word' id='word_1_142' title='bbox 1496 1703 1599 1735; x_wconf 90' lang='lat' dir='ltr'>non</span> 
     </span>
     <span class='ocr_line' id='line_1_21' title="bbox 193 1763 1600 1827; baseline 0 -16"><span class='ocrx_word' id='word_1_143' title='bbox 193 1763 601 1827; x_wconf 77' lang='lat' dir='ltr'>tyrannicidium,</span> <span class='ocrx_word' id='word_1_144' title='bbox 627 1763 715 1811; x_wconf 85' lang='lat' dir='ltr'>sed</span> <span class='ocrx_word' id='word_1_145' title='bbox 738 1763 1092 1811; x_wconf 72' lang='lat' dir='ltr'>hosticidium:</span> <span class='ocrx_word' id='word_1_146' title='bbox 1128 1763 1168 1810; x_wconf 87' lang='lat' dir='ltr'>si</span> <span class='ocrx_word' id='word_1_147' title='bbox 1196 1765 1307 1827; x_wconf 88' lang='lat' dir='ltr'>jure</span> <span class='ocrx_word' id='word_1_148' title='bbox 1338 1763 1600 1827; x_wconf 88' lang='lat' dir='ltr'>imperium</span> 
     </span>
     <span class='ocr_line' id='line_1_22' title="bbox 191 1839 1603 1904; baseline 0.001 -17"><span class='ocrx_word' id='word_1_149' title='bbox 191 1839 398 1898; x_wconf 90' lang='lat' dir='ltr'>obtinet,</span> <span class='ocrx_word' id='word_1_150' title='bbox 422 1839 588 1887; x_wconf 88' lang='lat' dir='ltr'>locum</span> <span class='ocrx_word' id='word_1_151' title='bbox 615 1839 766 1887; x_wconf 89' lang='lat' dir='ltr'>habet</span> <span class='ocrx_word' id='word_1_152' title='bbox 788 1839 1111 1902; x_wconf 83' lang='lat' dir='ltr'>interrogatio</span> <span class='ocrx_word' id='word_1_153' title='bbox 1138 1839 1318 1898; x_wconf 86' lang='lat' dir='ltr'>divina,</span> <span class='ocrx_word' id='word_1_154' title='bbox 1340 1840 1454 1904; x_wconf 72' lang='lat' dir='ltr'>quis</span> <span class='ocrx_word' id='word_1_155' title='bbox 1474 1839 1603 1888; x_wconf 86' lang='lat' dir='ltr'>indi-</span> 
     </span>
     <span class='ocr_line' id='line_1_23' title="bbox 193 1915 1602 1981; baseline -0.001 -17"><span class='ocrx_word' id='word_1_156' title='bbox 193 1915 329 1964; x_wconf 82' lang='lat' dir='ltr'>cavit</span> <span class='ocrx_word' id='word_1_157' title='bbox 352 1915 462 1972; x_wconf 83' lang='lat' dir='ltr'>tibi,</span> <span class='ocrx_word' id='word_1_158' title='bbox 486 1915 624 1980; x_wconf 83' lang='lat' dir='ltr'>quod</span> <span class='ocrx_word' id='word_1_159' title='bbox 645 1922 890 1979; x_wconf 76' lang='lat' dir='ltr'>tyrannus</span> <span class='ocrx_word' id='word_1_160' title='bbox 915 1922 1063 1974; x_wconf 73' lang='lat' dir='ltr'>esset,</span> <span class='ocrx_word' id='word_1_161' title='bbox 1088 1915 1188 1963; x_wconf 72' lang='lat' dir='ltr'>nisi</span> <span class='ocrx_word' id='word_1_162' title='bbox 1206 1915 1343 1980; x_wconf 83' lang='lat' dir='ltr'>quod</span> <span class='ocrx_word' id='word_1_163' title='bbox 1357 1932 1420 1963; x_wconf 70' lang='lat' dir='ltr'>ex</span> <span class='ocrx_word' id='word_1_164' title='bbox 1444 1915 1602 1981; x_wconf 72' lang='lat' dir='ltr'>ligno,</span> 
     </span>
     <span class='ocr_line' id='line_1_24' title="bbox 192 1991 1602 2056; baseline 0.001 -17"><span class='ocrx_word' id='word_1_165' title='bbox 192 1991 257 2039; x_wconf 90' lang='lat' dir='ltr'>de</span> <span class='ocrx_word' id='word_1_166' title='bbox 280 2007 376 2056; x_wconf 80' lang='lat' dir='ltr'>quo</span> <span class='ocrx_word' id='word_1_167' title='bbox 391 2007 747 2056; x_wconf 76' lang='lat' dir='ltr'>praeceperam</span> <span class='ocrx_word' id='word_1_168' title='bbox 769 1991 863 2038; x_wconf 86' lang='lat' dir='ltr'>tibi</span> <span class='ocrx_word' id='word_1_169' title='bbox 887 2008 947 2038; x_wconf 86' lang='lat' dir='ltr'>ne</span> <span class='ocrx_word' id='word_1_170' title='bbox 972 1991 1272 2050; x_wconf 77' lang='lat' dir='ltr'>comederes,</span> <span class='ocrx_word' id='word_1_171' title='bbox 1293 1991 1554 2039; x_wconf 75' lang='lat' dir='ltr'>comedisti</span> <span class='ocrx_word' id='word_1_172' title='bbox 1574 1995 1602 2040; x_wconf 72' lang='grc'>,9</span> 
     </span>
     <span class='ocr_line' id='line_1_25' title="bbox 195 2066 1603 2132; baseline -0.001 -17"><span class='ocrx_word' id='word_1_173' title='bbox 195 2066 361 2116; x_wconf 78' lang='lat' dir='ltr'>Quare</span> <span class='ocrx_word' id='word_1_174' title='bbox 376 2066 507 2114; x_wconf 90' lang='lat' dir='ltr'>enim</span> <span class='ocrx_word' id='word_1_175' title='bbox 521 2066 737 2130; x_wconf 86' lang='lat' dir='ltr'>appellas</span> <span class='ocrx_word' id='word_1_176' title='bbox 751 2074 807 2114; x_wconf 92' lang='lat' dir='ltr'>tu</span> <span class='ocrx_word' id='word_1_177' title='bbox 825 2073 1104 2130; x_wconf 82' lang='lat' dir='ltr'>tyrannum,</span> <span class='ocrx_word' id='word_1_178' title='bbox 1121 2083 1266 2130; x_wconf 91' lang='lat' dir='ltr'>quem</span> <span class='ocrx_word' id='word_1_179' title='bbox 1281 2067 1414 2115; x_wconf 89' lang='lat' dir='ltr'>Deus</span> <span class='ocrx_word' id='word_1_180' title='bbox 1429 2083 1603 2132; x_wconf 83' lang='lat' dir='ltr'>regem</span> 
     </span>
     <span class='ocr_line' id='line_1_26' title="bbox 191 2142 1601 2206; baseline 0.001 -16"><span class='ocrx_word' id='word_1_181' title='bbox 191 2142 327 2202; x_wconf 85' lang='lat' dir='ltr'>fecit,</span> <span class='ocrx_word' id='word_1_182' title='bbox 348 2142 443 2190; x_wconf 91' lang='lat' dir='ltr'>nisi</span> <span class='ocrx_word' id='word_1_183' title='bbox 467 2150 539 2200; x_wconf 90' lang='lat' dir='ltr'>tu,</span> <span class='ocrx_word' id='word_1_184' title='bbox 558 2142 779 2205; x_wconf 86' lang='lat' dir='ltr'>privatus</span> <span class='ocrx_word' id='word_1_185' title='bbox 810 2142 1065 2202; x_wconf 86' lang='lat' dir='ltr'>exsistens,</span> <span class='ocrx_word' id='word_1_186' title='bbox 1092 2143 1428 2206; x_wconf 88' lang='lat' dir='ltr'>cognitionem</span> <span class='ocrx_word' id='word_1_187' title='bbox 1463 2144 1529 2191; x_wconf 94' lang='lat' dir='ltr'>ad</span> <span class='ocrx_word' id='word_1_188' title='bbox 1552 2151 1601 2191; x_wconf 85' lang='lat' dir='ltr'>te</span> 
     </span>
     <span class='ocr_line' id='line_1_27' title="bbox 192 2218 1603 2282; baseline 0.001 -15"><span class='ocrx_word' id='word_1_189' title='bbox 192 2218 359 2267; x_wconf 86' lang='lat' dir='ltr'>trahas</span> <span class='ocrx_word' id='word_1_190' title='bbox 385 2218 498 2266; x_wconf 85' lang='lat' dir='ltr'>boni</span> <span class='ocrx_word' id='word_1_191' title='bbox 530 2225 579 2265; x_wconf 91' lang='lat' dir='ltr'>et</span> <span class='ocrx_word' id='word_1_192' title='bbox 603 2218 724 2265; x_wconf 81' lang='lat' dir='ltr'>mali</span> <span class='ocrx_word' id='word_1_193' title='bbox 742 2221 769 2266; x_wconf 74' lang='grc'>,9</span> <span class='ocrx_word' id='word_1_194' title='bbox 842 2219 1003 2267; x_wconf 75' lang='lat' dir='ltr'>Quam</span> <span class='ocrx_word' id='word_1_195' title='bbox 1035 2220 1311 2282; x_wconf 88' lang='lat' dir='ltr'>perniciosa</span> <span class='ocrx_word' id='word_1_196' title='bbox 1332 2236 1450 2267; x_wconf 89' lang='lat' dir='ltr'>vero</span> <span class='ocrx_word' id='word_1_197' title='bbox 1484 2220 1603 2268; x_wconf 89' lang='lat' dir='ltr'>civi-</span> 
     </span>
     <span class='ocr_line' id='line_1_28' title="bbox 192 2294 1600 2359; baseline 0.001 -16"><span class='ocrx_word' id='word_1_198' title='bbox 192 2294 395 2354; x_wconf 86' lang='lat' dir='ltr'>tatibus,</span> <span class='ocrx_word' id='word_1_199' title='bbox 419 2294 693 2358; x_wconf 88' lang='lat' dir='ltr'>praesertim</span> <span class='ocrx_word' id='word_1_200' title='bbox 707 2310 824 2342; x_wconf 88' lang='lat' dir='ltr'>vero</span> <span class='ocrx_word' id='word_1_201' title='bbox 849 2295 1168 2354; x_wconf 74' lang='lat' dir='ltr'>monarchiis,</span> <span class='ocrx_word' id='word_1_202' title='bbox 1196 2296 1364 2359; x_wconf 92' lang='lat' dir='ltr'>opinio</span> <span class='ocrx_word' id='word_1_203' title='bbox 1389 2296 1496 2344; x_wconf 90' lang='lat' dir='ltr'>haec</span> <span class='ocrx_word' id='word_1_204' title='bbox 1522 2297 1600 2355; x_wconf 91' lang='lat' dir='ltr'>sit,</span> 
     </span>
     <span class='ocr_line' id='line_1_29' title="bbox 194 2370 1600 2435; baseline 0.001 -16"><span class='ocrx_word' id='word_1_205' title='bbox 194 2387 254 2419; x_wconf 85' lang='lat' dir='ltr'>ex</span> <span class='ocrx_word' id='word_1_206' title='bbox 279 2387 338 2419; x_wconf 93' lang='lat' dir='ltr'>eo</span> <span class='ocrx_word' id='word_1_207' title='bbox 360 2370 504 2419; x_wconf 88' lang='lat' dir='ltr'>facile</span> <span class='ocrx_word' id='word_1_208' title='bbox 528 2370 836 2434; x_wconf 87' lang='lat' dir='ltr'>intelligitur,</span> <span class='ocrx_word' id='word_1_209' title='bbox 861 2371 993 2434; x_wconf 91' lang='lat' dir='ltr'>quod</span> <span class='ocrx_word' id='word_1_210' title='bbox 1015 2387 1104 2434; x_wconf 89' lang='lat' dir='ltr'>per</span> <span class='ocrx_word' id='word_1_211' title='bbox 1128 2388 1236 2420; x_wconf 91' lang='lat' dir='ltr'>eam</span> <span class='ocrx_word' id='word_1_212' title='bbox 1261 2372 1467 2435; x_wconf 87' lang='lat' dir='ltr'>quilibet</span> <span class='ocrx_word' id='word_1_213' title='bbox 1491 2388 1600 2431; x_wconf 77' lang='lat' dir='ltr'>rex,</span> 
     </span>
     <span class='ocr_line' id='line_1_30' title="bbox 195 2446 1653 2512; baseline 0.001 -18"><span class='ocrx_word' id='word_1_214' title='bbox 195 2446 297 2495; x_wconf 89' lang='lat' dir='ltr'>sive</span> <span class='ocrx_word' id='word_1_215' title='bbox 320 2447 477 2495; x_wconf 87' lang='lat' dir='ltr'>malus</span> <span class='ocrx_word' id='word_1_216' title='bbox 503 2447 603 2495; x_wconf 89' lang='lat' dir='ltr'>sive</span> <span class='ocrx_word' id='word_1_217' title='bbox 627 2447 802 2505; x_wconf 81' lang='lat' dir='ltr'>bonUS,</span> <span class='ocrx_word' id='word_1_218' title='bbox 827 2447 972 2495; x_wconf 91' lang='lat' dir='ltr'>unius</span> <span class='ocrx_word' id='word_1_219' title='bbox 1007 2448 1170 2496; x_wconf 86' lang='lat' dir='ltr'>sicarii</span> <span class='ocrx_word' id='word_1_220' title='bbox 1200 2456 1251 2496; x_wconf 90' lang='lat' dir='ltr'>et</span> <span class='ocrx_word' id='word_1_221' title='bbox 1270 2448 1458 2512; x_wconf 86' lang='lat' dir='ltr'>judicio</span> <span class='ocrx_word' id='word_1_222' title='bbox 1483 2465 1601 2497; x_wconf 92' lang='lat' dir='ltr'>con-</span> <span class='ocrx_word' id='word_1_223' title='bbox 1651 2488 1653 2491; x_wconf 90' lang='lat'><em>.</em></span> 
     </span>
     <span class='ocr_line' id='line_1_31' title="bbox 196 2522 1378 2587; baseline 0 -16"><span class='ocrx_word' id='word_1_224' title='bbox 196 2522 501 2572; x_wconf 88' lang='lat' dir='ltr'>demnandus</span> <span class='ocrx_word' id='word_1_225' title='bbox 525 2530 575 2570; x_wconf 88' lang='lat' dir='ltr'>et</span> <span class='ocrx_word' id='word_1_226' title='bbox 599 2539 750 2570; x_wconf 89' lang='lat' dir='ltr'>manu</span> <span class='ocrx_word' id='word_1_227' title='bbox 771 2522 1073 2586; x_wconf 87' lang='lat' dir='ltr'>jugulandus</span> <span class='ocrx_word' id='word_1_228' title='bbox 1098 2524 1378 2587; x_wconf 86' lang='lat' dir='ltr'>exponitur.</span> 
     </span>
    </p>

    <p class='ocr_par' dir='ltr' id='par_1_5' title="bbox 198 2599 1890 2740">
     <span class='ocr_line' id='line_1_32' title="bbox 262 2599 1849 2664; baseline 0.001 -16"><span class='ocrx_word' id='word_1_229' title='bbox 262 2606 310 2648; x_wconf 89' lang='lat'>4.</span> <span class='ocrx_word' id='word_1_230' title='bbox 348 2600 541 2649; x_wconf 78' lang='lat' dir='ltr'>Quarta</span> <span class='ocrx_word' id='word_1_231' title='bbox 580 2599 804 2647; x_wconf 85' lang='lat' dir='ltr'>societati</span> <span class='ocrx_word' id='word_1_232' title='bbox 839 2599 970 2647; x_wconf 90' lang='lat' dir='ltr'>civili</span> <span class='ocrx_word' id='word_1_233' title='bbox 1007 2599 1215 2648; x_wconf 88' lang='lat' dir='ltr'>adversa</span> <span class='ocrx_word' id='word_1_234' title='bbox 1239 2601 1405 2664; x_wconf 93' lang='lat' dir='ltr'>opinio</span> <span class='ocrx_word' id='word_1_235' title='bbox 1430 2615 1600 2648; x_wconf 90' lang='lat' dir='ltr'>eorum</span> <span class='ocrx_word' id='word_1_236' title='bbox 1619 2621 1849 2658; x_wconf 68' lang='lat' dir='ltr'>Subjectosesse</span> 
     </span>
     <span class='ocr_line' id='line_1_33' title="bbox 198 2664 1890 2740; baseline 0.001 -18"><span class='ocrx_word' id='word_1_237' title='bbox 198 2682 288 2735; x_wconf 84' lang='lat' dir='ltr'>est,</span> <span class='ocrx_word' id='word_1_238' title='bbox 329 2677 414 2739; x_wconf 89' lang='lat' dir='ltr'>qui</span> <span class='ocrx_word' id='word_1_239' title='bbox 454 2683 655 2724; x_wconf 89' lang='lat' dir='ltr'>censent</span> <span class='ocrx_word' id='word_1_240' title='bbox 694 2675 892 2740; x_wconf 76' lang='lat' dir='ltr'>legibus</span> <span class='ocrx_word' id='word_1_241' title='bbox 925 2675 1155 2724; x_wconf 74' lang='lat' dir='ltr'>civilibus</span> <span class='ocrx_word' id='word_1_242' title='bbox 1197 2676 1449 2739; x_wconf 72' lang='lat' dir='ltr'>subjectos</span> <span class='ocrx_word' id='word_1_243' title='bbox 1490 2692 1600 2723; x_wconf 73' lang='lat' dir='ltr'>esse</span> <span class='ocrx_word' id='word_1_244' title='bbox 1616 2664 1732 2701; x_wconf 58' lang='lat' dir='ltr'>¹egib¹¹⁵</span> <span class='ocrx_word' id='word_1_245' title='bbox 1754 2665 1890 2693; x_wconf 54' lang='lat' dir='ltr'>ffiffibm</span> 
     </span>
    </p>
   </div>
   <div class='ocr_carea' id='block_1_4' title="bbox 1616 2708 1882 2746">
    <p class='ocr_par' dir='ltr' id='par_1_6' title="bbox 1616 2708 1882 2746">
     <span class='ocr_line' id='line_1_34' title="bbox 1616 2708 1882 2746; baseline 0 -10"><span class='ocrx_word' id='word_1_246' title='bbox 1616 2708 1702 2736; x_wconf 74' lang='lat' dir='ltr'>etium</span> <span class='ocrx_word' id='word_1_247' title='bbox 1712 2717 1760 2736; x_wconf 84' lang='lat' dir='ltr'>eos</span> <span class='ocrx_word' id='word_1_248' title='bbox 1771 2709 1822 2746; x_wconf 85' lang='lat' dir='ltr'>qui</span> <span class='ocrx_word' id='word_1_249' title='bbox 1832 2708 1882 2736; x_wconf 81' lang='lat' dir='ltr'>ha-</span> 
     </span>
    </p>
   </div>
   <div class='ocr_carea' id='block_1_5' title="bbox 198 2750 1876 2817">
    <p class='ocr_par' dir='ltr' id='par_1_7' title="bbox 198 2750 1876 2817">
     <span class='ocr_line' id='line_1_35' title="bbox 198 2750 1876 2817; baseline 0.002 -19"><span class='ocrx_word' id='word_1_250' title='bbox 198 2751 349 2799; x_wconf 84' lang='lat' dir='ltr'>etiam</span> <span class='ocrx_word' id='word_1_251' title='bbox 385 2768 469 2800; x_wconf 72' lang='lat' dir='ltr'>eos</span> <span class='ocrx_word' id='word_1_252' title='bbox 503 2752 589 2817; x_wconf 83' lang='lat' dir='ltr'>qni</span> <span class='ocrx_word' id='word_1_253' title='bbox 622 2750 806 2799; x_wconf 78' lang='lat' dir='ltr'>liabent</span> <span class='ocrx_word' id='word_1_254' title='bbox 835 2767 1066 2798; x_wconf 73' lang='lat' dir='ltr'>summum</span> <span class='ocrx_word' id='word_1_255' title='bbox 1086 2751 1362 2816; x_wconf 77' lang='lat' dir='ltr'>imperium.</span> <span class='ocrx_word' id='word_1_256' title='bbox 1437 2751 1599 2801; x_wconf 79' lang='lat' dir='ltr'>Quam</span> <span class='ocrx_word' id='word_1_257' title='bbox 1617 2751 1689 2779; x_wconf 86' lang='lat' dir='ltr'>bent</span> <span class='ocrx_word' id='word_1_258' title='bbox 1728 2761 1876 2780; x_wconf 67' lang='lat' dir='ltr'><strong>summum</strong></span> 
     </span>
    </p>
   </div>
   <div class='ocr_carea' id='block_1_6' title="bbox 1616 2795 1879 2832">
    <p class='ocr_par' dir='ltr' id='par_1_8' title="bbox 1616 2795 1879 2832">
     <span class='ocr_line' id='line_1_36' title="bbox 1616 2795 1879 2832; baseline 0 -9"><span class='ocrx_word' id='word_1_259' title='bbox 1616 2795 1781 2832; x_wconf 75' lang='lat' dir='ltr'>imperium,</span> <span class='ocrx_word' id='word_1_260' title='bbox 1806 2796 1879 2824; x_wconf 83' lang='lat' dir='ltr'>sedi-</span> 
     </span>
    </p>
   </div>
   <div class='ocr_carea' id='block_1_7' title="bbox 197 2827 1821 2968">
    <p class='ocr_par' dir='ltr' id='par_1_9' title="bbox 197 2827 1821 2968">
     <span class='ocr_line' id='line_1_37' title="bbox 197 2827 1821 2892; baseline 0.002 -18"><span class='ocrx_word' id='word_1_261' title='bbox 197 2842 364 2876; x_wconf 84' lang='lat' dir='ltr'>veram</span> <span class='ocrx_word' id='word_1_262' title='bbox 398 2843 501 2876; x_wconf 87' lang='lat' dir='ltr'>non</span> <span class='ocrx_word' id='word_1_263' title='bbox 546 2844 651 2877; x_wconf 80' lang='lat' dir='ltr'>esse</span> <span class='ocrx_word' id='word_1_264' title='bbox 687 2827 806 2876; x_wconf 90' lang='lat' dir='ltr'>satis</span> <span class='ocrx_word' id='word_1_265' title='bbox 841 2835 1091 2875; x_wconf 87' lang='lat' dir='ltr'>ostensum</span> <span class='ocrx_word' id='word_1_266' title='bbox 1135 2835 1210 2875; x_wconf 90' lang='lat' dir='ltr'>est</span> <span class='ocrx_word' id='word_1_267' title='bbox 1243 2843 1407 2892; x_wconf 87' lang='lat' dir='ltr'>supra,</span> <span class='ocrx_word' id='word_1_268' title='bbox 1442 2828 1601 2892; x_wconf 89' lang='lat' dir='ltr'>capite</span> <span class='ocrx_word' id='word_1_269' title='bbox 1619 2839 1692 2868; x_wconf 74' lang='lat' dir='ltr'>tiosa</span> <span class='ocrx_word' id='word_1_270' title='bbox 1715 2839 1821 2877; x_wconf 69' lang='lat' dir='ltr'>opinio·</span> 
     </span>
     <span class='ocr_line' id='line_1_38' title="bbox 201 2904 1602 2968; baseline 0.002 -17"><span class='ocrx_word' id='word_1_271' title='bbox 201 2910 338 2952; x_wconf 87' lang='lat' dir='ltr'>sexto</span> <span class='ocrx_word' id='word_1_272' title='bbox 371 2904 579 2952; x_wconf 83' lang='lat' dir='ltr'>articulo</span> <span class='ocrx_word' id='word_1_273' title='bbox 617 2904 1067 2968; x_wconf 86' lang='lat' dir='ltr'>quartuordecimo,</span> <span class='ocrx_word' id='word_1_274' title='bbox 1094 2920 1154 2952; x_wconf 87' lang='lat' dir='ltr'>ex</span> <span class='ocrx_word' id='word_1_275' title='bbox 1178 2920 1236 2953; x_wconf 87' lang='lat' dir='ltr'>eo</span> <span class='ocrx_word' id='word_1_276' title='bbox 1262 2904 1393 2968; x_wconf 91' lang='lat' dir='ltr'>quod</span> <span class='ocrx_word' id='word_1_277' title='bbox 1429 2905 1602 2954; x_wconf 88' lang='lat' dir='ltr'>civitas</span> 
     </span>
    </p>
   </div>
  </div>
 </body>
</html>
