1994 3276
242 400 369 432 SECT.
390 400 458 432 111.

328 452 375 481 18.

222 1134 387 1168 Dmtrinas,

221 1187 286 1215 quae
300 1178 386 1205 hodie
400 1186 463 1205 con-

220 1224 419 1248 trovertuntur
433 1221 468 1248 de

220 1264 365 1300 religione,
378 1273 454 1300 spec-

219 1310 280 1334 tare
294 1307 445 1344 plerasque

219 1350 257 1378 ad
265 1350 316 1387 jus
328 1350 476 1388 regnandi.

502 255 599 298 430
1067 265 1313 299 RELIGIO.

501 374 820 433 Christianos,
842 373 958 422 fidei
982 374 1275 423 Christianae
1299 383 1371 424 est
1393 376 1689 439 hypothesis.
1751 378 1885 429 Quid

501 451 697 498 autem?
766 450 846 498 An
878 451 1178 514 principibus
1203 451 1524 499 resistendum
1548 461 1637 512 est,
1661 453 1746 501 ubi
1770 455 1885 503 obe-

503 526 731 574 diendum
758 542 858 574 non
883 527 989 574 est?
1049 527 1255 574 Minime
1279 543 1423 581 sane3
1453 527 1546 575 hoc
1567 528 1696 575 enim
1714 536 1886 577 contra

501 610 701 664 pactum
716 608 789 649 est
807 602 962 650 civile.
1024 602 1157 651 Quid
1180 618 1297 665 ergo
1321 602 1599 665 agendum?
1657 603 1885 652 Eundum

502 678 565 725 ad
602 678 852 725 Christum
884 693 972 740 per
1005 678 1308 741 martyrium.
1380 678 1527 726 Quod
1560 679 1601 726 si
1635 679 1714 727 cui
1751 678 1886 727 dictu

503 753 679 800 durum
701 753 939 812 videatur,
965 753 1286 801 certissimum
1321 761 1394 800 est
1426 769 1537 800 eum
1563 770 1663 802 non
1687 753 1885 802 credere

502 845 562 876 ex
586 836 692 876 toto
716 828 861 876 corde
892 829 1076 876 JESUM
1114 843 1246 876 ESSE
1285 828 1761 891 CHR1STUMfilium
1785 829 1885 876 Dei

502 904 711 951 viventis
721 923 738 959 ;
764 912 966 967 cuperet
981 904 1111 951 enim
1129 904 1339 962 dissolvi,
1360 911 1408 951 et
1424 920 1527 951 esse
1543 920 1653 952 cum
1669 905 1884 959 Christo3

503 979 589 1027 sed
612 979 735 1026 velle
771 979 995 1027 simulata
1027 979 1124 1026 fide
1162 979 1441 1026 Christiana
1474 986 1667 1042 pactam
1700 979 1886 1028 civitati

503 1054 830 1102 obedientiam
856 1055 1066 1102 eludere.

575 1136 648 1177 14.
686 1130 947 1177 Mirabitur
981 1138 1143 1177 autem
1177 1130 1304 1177 forte
1338 1130 1592 1193 quispiam,
1616 1131 1657 1178 si
1679 1138 1885 1194 excepto

500 1221 600 1252 uno
616 1205 840 1263 articulo,
859 1206 887 1252 J
893 1220 1044 1253 ESUM
1072 1220 1203 1253 ESSE
1231 1205 1542 1265 CHRlsTUM,
1562 1206 1646 1269 qui
1668 1195 1888 1254 necessass

502 1280 602 1327 rius
617 1287 691 1327 est
705 1280 768 1327 ad
783 1280 988 1326 salutem
1003 1280 1062 1327 de
1077 1280 1173 1327 fide
1190 1280 1398 1339 interna,
1416 1281 1580 1328 caeteri
1594 1296 1763 1329 omnes
1777 1297 1886 1344 per-

504 1356 692 1402 tineant
705 1355 768 1401 ad
783 1355 1106 1402 obedientiam
1121 1362 1329 1414 tantum,
1339 1372 1446 1418 quae
1455 1356 1649 1418 quidem
1663 1355 1885 1419 praestari

500 1437 679 1493 potest,
715 1430 807 1477 etsi
832 1431 939 1492 quis
973 1446 1071 1478 non
1107 1431 1297 1478 interne
1334 1431 1499 1479 credat
1527 1431 1692 1492 (modo
1720 1431 1886 1495 cupiat

502 1504 716 1562 credere,
753 1512 802 1552 et
840 1513 1041 1552 externe
1073 1506 1379 1567 profiteatur,
1410 1507 1598 1568 quoties
1630 1523 1751 1570 opus
1785 1507 1881 1568 est)

502 1596 804 1642 quaecunque
828 1581 887 1627 ab
913 1580 1116 1627 ecclesia
1145 1589 1513 1643 proponuntur3
1549 1582 1679 1629 unde
1700 1582 1887 1629 factum

502 1656 565 1703 sit
589 1662 644 1703 ut
668 1664 744 1704 tot
768 1656 867 1703 sint
889 1656 1034 1703 hodie
1064 1656 1309 1719 dogmata,
1337 1673 1446 1720 quae
1470 1657 1701 1704 dicuntur
1723 1656 1887 1704 omnia

500 1732 570 1779 ita
594 1731 654 1778 de
677 1732 772 1779 fide
797 1747 916 1790 esse,
942 1739 997 1778 ut
1030 1731 1123 1778 nisi
1159 1748 1216 1779 ea
1241 1731 1347 1794 quis
1382 1731 1552 1779 credat
1582 1732 1788 1790 interne,
1811 1731 1887 1779 in-

501 1814 633 1854 trare
667 1807 718 1854 in
760 1823 964 1870 regnum
1012 1807 1243 1854 coelorum
1286 1823 1386 1854 non
1425 1807 1594 1870 possit.
1667 1807 1813 1856 Quod
1846 1808 1888 1855 si

500 1882 631 1929 idem
668 1882 961 1940 consideret,
993 1882 1045 1929 in
1080 1883 1324 1945 plerisque
1356 1882 1697 1930 controversiis
1729 1890 1887 1930 certa-

501 1973 614 2004 men
632 1974 736 2005 esse
757 1957 816 2004 de
835 1974 987 2020 regno
1013 1959 1241 2016 humano,
1261 1958 1313 2005 in
1337 1958 1577 2021 aliquibus
1601 1958 1662 2006 de
1681 1965 1884 2022 quaestu,

500 2033 552 2080 in
575 2033 815 2095 aliquibus
836 2033 895 2080 de
915 2033 1073 2096 gloria
1087 2033 1409 2096 ingeniorum,
1428 2033 1588 2081 minus
1612 2033 1884 2081 mirabitur.

503 2108 722 2157 Quaestio
758 2108 818 2155 de
853 2108 1079 2155 ecclesiae
1105 2108 1532 2173 proprietatibus,
1569 2109 1774 2172 quaestio
1811 2115 1886 2156 est

502 2183 563 2231 de
575 2184 697 2246 jure
721 2183 936 2246 imperii.
1008 2184 1220 2246 Cognito
1256 2184 1401 2240 enim,
1426 2184 1541 2247 quid
1568 2184 1632 2231 sit
1654 2183 1883 2242 ecclesia,

502 2259 815 2321 cognoscitur
832 2274 943 2316 una,
965 2260 1103 2321 cujus
1129 2258 1190 2306 sit
1214 2259 1470 2322 imperium
1494 2259 1545 2306 in
1566 2259 1884 2307 Christianos.

503 2333 633 2381 Nam
657 2333 698 2380 si
722 2333 952 2396 quaelibet
976 2333 1146 2381 civitas
1172 2334 1448 2382 Christiana
1472 2334 1676 2382 ecclesia
1698 2334 1781 2382 illa
1803 2333 1884 2392 sit,

503 2425 650 2471 quam
684 2424 878 2456 omnem
914 2408 1243 2456 Christianum
1284 2409 1355 2456 illi
1397 2410 1583 2457 civitati
1614 2410 1884 2472 subjectum
1954 2412 1957 2414 ’

502 2485 671 2532 audire
707 2485 942 2548 praecepit
978 2485 1080 2547 ipse
1112 2486 1347 2545 Christus,
1386 2494 1491 2534 tum
1529 2487 1645 2534 civis
1683 2485 1884 2548 quilibet

501 2567 697 2608 tenetur
717 2561 902 2608 civitati
925 2577 1040 2618 suae,
1059 2561 1153 2609 hoc
1178 2569 1268 2620 θεῖ,
1287 2562 1332 2609 ei
1354 2562 1432 2609 vel
1450 2562 1508 2609 iis
1533 2561 1744 2619 obedire,
1764 2576 1884 2623 quo-

502 2651 612 2682 rum
647 2642 720 2683 est
754 2635 1011 2698 imperium
1047 2651 1305 2694 summum,
1330 2652 1429 2683 non
1456 2636 1602 2684 modo
1626 2635 1678 2683 in
1701 2641 1885 2697 tempo-

502 2710 711 2769 ralz'bus,
737 2710 822 2758 sed
850 2711 997 2758 etiam
1028 2711 1077 2757 in
1109 2710 1479 2774 spiritualibus.
1550 2710 1635 2758 Sin
1658 2709 1886 2772 quaelibet

503 2786 675 2833 civitas
692 2786 969 2833 Christiana
985 2802 1084 2833 non
1100 2786 1163 2833 sit
1182 2785 1386 2833 ecclesia
1399 2785 1496 2843 illa,
1511 2791 1617 2832 tum
1631 2792 1705 2831 est
1722 2784 1886 2847 aliqua

503 2861 597 2908 alia
614 2861 818 2908 ecclesia
835 2861 1168 2919 universalior,
1188 2861 1267 2908 cui
1285 2867 1481 2922 oportet
1505 2859 1717 2907 obedire.
1767 2860 1884 2907 Om-
