<?xml version="1.0" encoding="UTF-8"?>
<!DOCTYPE html PUBLIC "-//W3C//DTD XHTML 1.0 Transitional//EN"
    "http://www.w3.org/TR/xhtml1/DTD/xhtml1-transitional.dtd">
<html xmlns="http://www.w3.org/1999/xhtml" xml:lang="en" lang="en">
 <head>
  <title>
</title>
<meta http-equiv="Content-Type" content="text/html;charset=utf-8" />
  <meta name='ocr-system' content='tesseract 3.04.00' />
  <meta name='ocr-capabilities' content='ocr_page ocr_carea ocr_par ocr_line ocrx_word'/>
</head>
<body>
  <div class='ocr_page' id='page_1' title='image "./operaphilosophic02hobbuoft_0326.png"; bbox 0 0 2020 3262; ppageno 0'>
   <div class='ocr_carea' id='block_1_1' title="bbox 442 227 1277 287">
    <p class='ocr_par' dir='ltr' id='par_1_1' title="bbox 442 227 1277 287">
     <span class='ocr_line' id='line_1_1' title="bbox 442 227 1277 287; baseline 0.006 -17"><span class='ocrx_word' id='word_1_1' title='bbox 442 227 536 271; x_wconf 88' lang='lat'><strong>312</strong></span> <span class='ocrx_word' id='word_1_2' title='bbox 971 240 1277 287; x_wconf 75' lang='lat' dir='ltr'>IMPERIUM.</span> 
     </span>
    </p>
   </div>
   <div class='ocr_carea' id='block_1_2' title="bbox 942 532 1321 580">
    <p class='ocr_par' dir='ltr' id='par_1_2' title="bbox 942 532 1321 580">
     <span class='ocr_line' id='line_1_2' title="bbox 942 532 1321 580; baseline -0.003 0"><span class='ocrx_word' id='word_1_3' title='bbox 942 532 1154 580; x_wconf 88' lang='lat' dir='ltr'><strong>CAPUT</strong></span> <span class='ocrx_word' id='word_1_4' title='bbox 1188 532 1321 580; x_wconf 88' lang='lat' dir='ltr'><strong>XIV.</strong></span> 
     </span>
    </p>
   </div>
   <div class='ocr_carea' id='block_1_3' title="bbox 816 647 1442 680">
    <p class='ocr_par' dir='ltr' id='par_1_3' title="bbox 816 647 1442 680">
     <span class='ocr_line' id='line_1_3' title="bbox 816 647 1442 680; baseline -0.002 0"><span class='ocrx_word' id='word_1_5' title='bbox 816 648 877 680; x_wconf 89' lang='lat' dir='ltr'><strong>DE</strong></span> <span class='ocrx_word' id='word_1_6' title='bbox 903 648 1097 680; x_wconf 87' lang='lat' dir='ltr'>LEGIBUS</span> <span class='ocrx_word' id='word_1_7' title='bbox 1121 649 1182 680; x_wconf 89' lang='lat' dir='ltr'><strong>ET</strong></span> <span class='ocrx_word' id='word_1_8' title='bbox 1208 647 1442 680; x_wconf 88' lang='lat' dir='ltr'><strong>PECCATIS.</strong></span> 
     </span>
    </p>
   </div>
   <div class='ocr_carea' id='block_1_4' title="bbox 424 731 1838 2130">
    <p class='ocr_par' dir='ltr' id='par_1_4' title="bbox 445 731 1827 906">
     <span class='ocr_line' id='line_1_4' title="bbox 445 731 1824 782; baseline -0.001 -12"><span class='ocrx_word' id='word_1_9' title='bbox 445 735 479 771; x_wconf 94' lang='lat'>1.</span> <span class='ocrx_word' id='word_1_10' title='bbox 507 731 590 769; x_wconf 84' lang='lat' dir='ltr'><strong>Lex</strong></span> <span class='ocrx_word' id='word_1_11' title='bbox 608 731 799 782; x_wconf 88' lang='lat' dir='ltr'><strong>quomodo</strong></span> <span class='ocrx_word' id='word_1_12' title='bbox 818 732 943 769; x_wconf 88' lang='lat' dir='ltr'><strong>differt</strong></span> <span class='ocrx_word' id='word_1_13' title='bbox 961 745 983 769; x_wconf 88' lang='lat' dir='ltr'><strong>a</strong></span> <span class='ocrx_word' id='word_1_14' title='bbox 1002 732 1182 769; x_wconf 81' lang='lat' dir='ltr'><strong>consilio:</strong></span> <span class='ocrx_word' id='word_1_15' title='bbox 1215 734 1252 769; x_wconf 91' lang='lat'>2.</span> <span class='ocrx_word' id='word_1_16' title='bbox 1282 731 1484 772; x_wconf 79' lang='lat' dir='ltr'>Quomodo</span> <span class='ocrx_word' id='word_1_17' title='bbox 1504 731 1629 768; x_wconf 82' lang='lat' dir='ltr'><strong>differt</strong></span> <span class='ocrx_word' id='word_1_18' title='bbox 1646 743 1670 768; x_wconf 87' lang='lat' dir='ltr'><strong>a</strong></span> <span class='ocrx_word' id='word_1_19' title='bbox 1690 735 1824 780; x_wconf 82' lang='lat' dir='ltr'><strong>pacto:</strong></span> 
     </span>
     <span class='ocr_line' id='line_1_5' title="bbox 493 792 1826 843; baseline -0.001 -12"><span class='ocrx_word' id='word_1_20' title='bbox 493 797 530 832; x_wconf 80' lang='lat'>3.</span> <span class='ocrx_word' id='word_1_21' title='bbox 559 793 760 836; x_wconf 84' lang='lat' dir='ltr'>Quomodo</span> <span class='ocrx_word' id='word_1_22' title='bbox 779 792 911 843; x_wconf 89' lang='lat' dir='ltr'><strong>ajure.</strong></span> <span class='ocrx_word' id='word_1_23' title='bbox 963 795 1000 830; x_wconf 76' lang='lat'>4.</span> <span class='ocrx_word' id='word_1_24' title='bbox 1029 792 1178 829; x_wconf 86' lang='lat' dir='ltr'><strong>Divisio</strong></span> <span class='ocrx_word' id='word_1_25' title='bbox 1197 792 1324 842; x_wconf 91' lang='lat' dir='ltr'><strong>legum</strong></span> <span class='ocrx_word' id='word_1_26' title='bbox 1344 793 1382 828; x_wconf 88' lang='lat' dir='ltr'><strong>in</strong></span> <span class='ocrx_word' id='word_1_27' title='bbox 1402 792 1547 829; x_wconf 87' lang='lat' dir='ltr'><strong>divinas</strong></span> <span class='ocrx_word' id='word_1_28' title='bbox 1566 797 1605 829; x_wconf 92' lang='lat' dir='ltr'><strong>et</strong></span> <span class='ocrx_word' id='word_1_29' title='bbox 1622 792 1826 838; x_wconf 82' lang='lat' dir='ltr'><strong>humanas;</strong></span> 
     </span>
     <span class='ocr_line' id='line_1_6' title="bbox 494 854 1827 906; baseline 0.001 -14"><span class='ocrx_word' id='word_1_30' title='bbox 494 859 532 892; x_wconf 85' lang='lat' dir='ltr'><strong>et</strong></span> <span class='ocrx_word' id='word_1_31' title='bbox 550 855 762 891; x_wconf 88' lang='lat' dir='ltr'><strong>divinarum</strong></span> <span class='ocrx_word' id='word_1_32' title='bbox 781 855 819 891; x_wconf 91' lang='lat' dir='ltr'><strong>in</strong></span> <span class='ocrx_word' id='word_1_33' title='bbox 848 854 1036 891; x_wconf 84' lang='lat' dir='ltr'>naturales</span> <span class='ocrx_word' id='word_1_34' title='bbox 1066 858 1104 891; x_wconf 91' lang='lat' dir='ltr'><strong>et</strong></span> <span class='ocrx_word' id='word_1_35' title='bbox 1131 855 1311 903; x_wconf 88' lang='lat' dir='ltr'><strong>positivas</strong></span> <span class='ocrx_word' id='word_1_36' title='bbox 1329 871 1337 899; x_wconf 93' lang='grc'><strong>;</strong></span> <span class='ocrx_word' id='word_1_37' title='bbox 1365 860 1401 892; x_wconf 91' lang='lat' dir='ltr'><strong>et</strong></span> <span class='ocrx_word' id='word_1_38' title='bbox 1422 855 1650 892; x_wconf 87' lang='lat' dir='ltr'><strong>naturalium</strong></span> <span class='ocrx_word' id='word_1_39' title='bbox 1668 855 1706 892; x_wconf 90' lang='lat' dir='ltr'><strong>in</strong></span> <span class='ocrx_word' id='word_1_40' title='bbox 1725 855 1827 906; x_wconf 87' lang='lat' dir='ltr'><strong>leges</strong></span> 
     </span>
    </p>

    <p class='ocr_par' dir='ltr' id='par_1_5' title="bbox 424 915 1838 2130">
     <span class='ocr_line' id='line_1_7' title="bbox 424 915 1828 966; baseline 0.001 -13"><span class='ocrx_word' id='word_1_41' title='bbox 424 945 426 947; x_wconf 57' lang='grc'><strong>»</strong></span> <span class='ocrx_word' id='word_1_42' title='bbox 493 915 727 966; x_wconf 87' lang='lat' dir='ltr'><strong>singulorum</strong></span> <span class='ocrx_word' id='word_1_43' title='bbox 743 915 950 959; x_wconf 88' lang='lat' dir='ltr'><strong>hominum,</strong></span> <span class='ocrx_word' id='word_1_44' title='bbox 976 920 1014 952; x_wconf 85' lang='lat' dir='ltr'><strong>et</strong></span> <span class='ocrx_word' id='word_1_45' title='bbox 1031 915 1215 965; x_wconf 83' lang='lat' dir='ltr'><strong>gentium.</strong></span> <span class='ocrx_word' id='word_1_46' title='bbox 1268 918 1305 954; x_wconf 86' lang='lat'>5.</span> <span class='ocrx_word' id='word_1_47' title='bbox 1331 915 1481 965; x_wconf 84' lang='lat' dir='ltr'><strong>Legum</strong></span> <span class='ocrx_word' id='word_1_48' title='bbox 1508 916 1769 962; x_wconf 89' lang='lat' dir='ltr'><strong>humanarum,</strong></span> <span class='ocrx_word' id='word_1_49' title='bbox 1789 916 1828 954; x_wconf 86' lang='lat' dir='ltr'><strong>id</strong></span> 
     </span>
     <span class='ocr_line' id='line_1_8' title="bbox 495 976 1829 1022; baseline 0.001 -8"><span class='ocrx_word' id='word_1_50' title='bbox 495 982 562 1022; x_wconf 88' lang='lat' dir='ltr'><strong>est,</strong></span> <span class='ocrx_word' id='word_1_51' title='bbox 582 977 749 1014; x_wconf 87' lang='lat' dir='ltr'><strong>civilium</strong></span> <span class='ocrx_word' id='word_1_52' title='bbox 767 976 900 1014; x_wconf 91' lang='lat' dir='ltr'><strong>divisio</strong></span> <span class='ocrx_word' id='word_1_53' title='bbox 919 977 957 1012; x_wconf 89' lang='lat' dir='ltr'><strong>in</strong></span> <span class='ocrx_word' id='word_1_54' title='bbox 976 989 1099 1013; x_wconf 88' lang='lat' dir='ltr'><strong>sacras</strong></span> <span class='ocrx_word' id='word_1_55' title='bbox 1118 981 1156 1014; x_wconf 93' lang='lat' dir='ltr'><strong>et</strong></span> <span class='ocrx_word' id='word_1_56' title='bbox 1169 977 1392 1014; x_wconf 87' lang='lat' dir='ltr'><strong>saeculares:</strong></span> <span class='ocrx_word' id='word_1_57' title='bbox 1419 981 1456 1016; x_wconf 89' lang='lat'><strong>6.</strong></span> <span class='ocrx_word' id='word_1_58' title='bbox 1485 977 1532 1015; x_wconf 92' lang='lat' dir='ltr'><strong>In</strong></span> <span class='ocrx_word' id='word_1_59' title='bbox 1552 977 1829 1015; x_wconf 80' lang='lat' dir='ltr'><strong>distributivam</strong></span> 
     </span>
     <span class='ocr_line' id='line_1_9' title="bbox 496 1037 1830 1078; baseline 0.001 -3"><span class='ocrx_word' id='word_1_60' title='bbox 496 1043 534 1075; x_wconf 93' lang='lat' dir='ltr'><strong>et</strong></span> <span class='ocrx_word' id='word_1_61' title='bbox 552 1038 830 1075; x_wconf 87' lang='lat' dir='ltr'><strong>vindicativam.</strong></span> <span class='ocrx_word' id='word_1_62' title='bbox 885 1038 923 1078; x_wconf 89' lang='lat'><strong>7.</strong></span> <span class='ocrx_word' id='word_1_63' title='bbox 952 1037 1247 1075; x_wconf 88' lang='lat' dir='ltr'><strong>Distributivam</strong></span> <span class='ocrx_word' id='word_1_64' title='bbox 1279 1046 1317 1075; x_wconf 88' lang='lat' dir='ltr'><strong>et</strong></span> <span class='ocrx_word' id='word_1_65' title='bbox 1350 1039 1615 1076; x_wconf 85' lang='lat' dir='ltr'><strong>vindicativam</strong></span> <span class='ocrx_word' id='word_1_66' title='bbox 1645 1051 1722 1077; x_wconf 91' lang='lat' dir='ltr'><strong>non</strong></span> <span class='ocrx_word' id='word_1_67' title='bbox 1749 1051 1830 1077; x_wconf 84' lang='lat' dir='ltr'><strong>esse</strong></span> 
     </span>
     <span class='ocr_line' id='line_1_10' title="bbox 496 1099 1831 1150; baseline 0 -12"><span class='ocrx_word' id='word_1_68' title='bbox 496 1100 639 1150; x_wconf 89' lang='lat' dir='ltr'><strong>species</strong></span> <span class='ocrx_word' id='word_1_69' title='bbox 665 1100 804 1149; x_wconf 88' lang='lat' dir='ltr'><strong>legum,</strong></span> <span class='ocrx_word' id='word_1_70' title='bbox 828 1099 894 1136; x_wconf 91' lang='lat' dir='ltr'><strong>sed</strong></span> <span class='ocrx_word' id='word_1_71' title='bbox 917 1104 1054 1148; x_wconf 87' lang='lat' dir='ltr'><strong>partes.</strong></span> <span class='ocrx_word' id='word_1_72' title='bbox 1108 1102 1143 1137; x_wconf 92' lang='lat'><strong>8.</strong></span> <span class='ocrx_word' id='word_1_73' title='bbox 1174 1099 1290 1137; x_wconf 87' lang='lat' dir='ltr'><strong>Omni</strong></span> <span class='ocrx_word' id='word_1_74' title='bbox 1316 1100 1391 1150; x_wconf 87' lang='lat' dir='ltr'><strong>legi</strong></span> <span class='ocrx_word' id='word_1_75' title='bbox 1409 1113 1523 1150; x_wconf 87' lang='lat' dir='ltr'><strong>poena</strong></span> <span class='ocrx_word' id='word_1_76' title='bbox 1541 1113 1705 1150; x_wconf 83' lang='lat' dir='ltr'><strong>appensa</strong></span> <span class='ocrx_word' id='word_1_77' title='bbox 1721 1100 1831 1138; x_wconf 87' lang='lat' dir='ltr'><strong>intel-</strong></span> 
     </span>
     <span class='ocr_line' id='line_1_11' title="bbox 496 1160 1831 1211; baseline 0.001 -13"><span class='ocrx_word' id='word_1_78' title='bbox 496 1161 636 1211; x_wconf 88' lang='lat' dir='ltr'><strong>ligitur.</strong></span> <span class='ocrx_word' id='word_1_79' title='bbox 691 1163 727 1199; x_wconf 88' lang='lat'><strong>9.</strong></span> <span class='ocrx_word' id='word_1_80' title='bbox 755 1160 952 1210; x_wconf 84' lang='lat' dir='ltr'><strong>Praecepta</strong></span> <span class='ocrx_word' id='word_1_81' title='bbox 978 1160 1164 1211; x_wconf 89' lang='lat' dir='ltr'><strong>Decalogi</strong></span> <span class='ocrx_word' id='word_1_82' title='bbox 1194 1161 1241 1198; x_wconf 92' lang='lat' dir='ltr'><strong>de</strong></span> <span class='ocrx_word' id='word_1_83' title='bbox 1267 1162 1486 1210; x_wconf 88' lang='lat' dir='ltr'><strong>parentibus</strong></span> <span class='ocrx_word' id='word_1_84' title='bbox 1517 1161 1757 1207; x_wconf 85' lang='lat' dir='ltr'>honorandis,</span> <span class='ocrx_word' id='word_1_85' title='bbox 1783 1161 1831 1199; x_wconf 90' lang='lat' dir='ltr'><strong>de</strong></span> 
     </span>
     <span class='ocr_line' id='line_1_12' title="bbox 497 1221 1831 1272; baseline 0.001 -13"><span class='ocrx_word' id='word_1_86' title='bbox 497 1222 715 1264; x_wconf 87' lang='lat' dir='ltr'><strong>homicidio,</strong></span> <span class='ocrx_word' id='word_1_87' title='bbox 734 1221 930 1266; x_wconf 83' lang='lat' dir='ltr'><strong>adulterio,</strong></span> <span class='ocrx_word' id='word_1_88' title='bbox 945 1221 1060 1267; x_wconf 87' lang='lat' dir='ltr'><strong>furto,</strong></span> <span class='ocrx_word' id='word_1_89' title='bbox 1080 1227 1119 1259; x_wconf 91' lang='lat' dir='ltr'><strong>et</strong></span> <span class='ocrx_word' id='word_1_90' title='bbox 1136 1221 1230 1259; x_wconf 88' lang='lat' dir='ltr'><strong>falso</strong></span> <span class='ocrx_word' id='word_1_91' title='bbox 1242 1222 1468 1267; x_wconf 90' lang='lat' dir='ltr'><strong>testimonio,</strong></span> <span class='ocrx_word' id='word_1_92' title='bbox 1483 1222 1585 1272; x_wconf 88' lang='lat' dir='ltr'><strong>leges</strong></span> <span class='ocrx_word' id='word_1_93' title='bbox 1597 1222 1726 1260; x_wconf 90' lang='lat' dir='ltr'><strong>civiles</strong></span> <span class='ocrx_word' id='word_1_94' title='bbox 1738 1235 1831 1264; x_wconf 87' lang='lat' dir='ltr'><strong>esse.</strong></span> 
     </span>
     <span class='ocr_line' id='line_1_13' title="bbox 500 1281 1832 1333; baseline 0.001 -13"><span class='ocrx_word' id='word_1_95' title='bbox 500 1286 560 1321; x_wconf 90' lang='lat'>10.</span> <span class='ocrx_word' id='word_1_96' title='bbox 588 1281 827 1331; x_wconf 85' lang='lat' dir='ltr'><strong>Impossibile</strong></span> <span class='ocrx_word' id='word_1_97' title='bbox 846 1295 925 1319; x_wconf 87' lang='lat' dir='ltr'><strong>esse</strong></span> <span class='ocrx_word' id='word_1_98' title='bbox 943 1282 1028 1332; x_wconf 88' lang='lat' dir='ltr'><strong>lege</strong></span> <span class='ocrx_word' id='word_1_99' title='bbox 1046 1282 1147 1319; x_wconf 91' lang='lat' dir='ltr'><strong>civili</strong></span> <span class='ocrx_word' id='word_1_100' title='bbox 1166 1282 1371 1332; x_wconf 85' lang='lat' dir='ltr'><strong>quicquam</strong></span> <span class='ocrx_word' id='word_1_101' title='bbox 1397 1283 1535 1333; x_wconf 89' lang='lat' dir='ltr'><strong>jubere</strong></span> <span class='ocrx_word' id='word_1_102' title='bbox 1554 1289 1686 1321; x_wconf 81' lang='lat' dir='ltr'><strong>contra</strong></span> <span class='ocrx_word' id='word_1_103' title='bbox 1708 1283 1832 1333; x_wconf 89' lang='lat' dir='ltr'><strong>legem</strong></span> 
     </span>
     <span class='ocr_line' id='line_1_14' title="bbox 498 1342 1834 1394; baseline 0.001 -14"><span class='ocrx_word' id='word_1_104' title='bbox 498 1348 655 1381; x_wconf 86' lang='lat' dir='ltr'><strong>naturae.</strong></span> <span class='ocrx_word' id='word_1_105' title='bbox 712 1345 771 1381; x_wconf 96' lang='grc'><strong>11.</strong></span> <span class='ocrx_word' id='word_1_106' title='bbox 800 1342 898 1392; x_wconf 87' lang='lat' dir='ltr'><strong>Legi</strong></span> <span class='ocrx_word' id='word_1_107' title='bbox 924 1343 1119 1380; x_wconf 81' lang='lat' dir='ltr'><strong>essentiale</strong></span> <span class='ocrx_word' id='word_1_108' title='bbox 1149 1356 1241 1389; x_wconf 90' lang='lat' dir='ltr'><strong>esse,</strong></span> <span class='ocrx_word' id='word_1_109' title='bbox 1260 1349 1303 1381; x_wconf 93' lang='lat' dir='ltr'><strong>ut</strong></span> <span class='ocrx_word' id='word_1_110' title='bbox 1335 1349 1586 1394; x_wconf 83' lang='lat' dir='ltr'><strong>cognoscatur</strong></span> <span class='ocrx_word' id='word_1_111' title='bbox 1618 1349 1656 1382; x_wconf 90' lang='lat' dir='ltr'><strong>et</strong></span> <span class='ocrx_word' id='word_1_112' title='bbox 1686 1345 1768 1394; x_wconf 86' lang='lat' dir='ltr'><strong>ipsa</strong></span> <span class='ocrx_word' id='word_1_113' title='bbox 1795 1349 1834 1382; x_wconf 88' lang='lat' dir='ltr'><strong>et</strong></span> 
     </span>
     <span class='ocr_line' id='line_1_15' title="bbox 497 1403 1835 1456; baseline 0.001 -15"><span class='ocrx_word' id='word_1_114' title='bbox 497 1404 701 1454; x_wconf 88' lang='lat' dir='ltr'><strong>legislator.</strong></span> <span class='ocrx_word' id='word_1_115' title='bbox 757 1405 819 1442; x_wconf 89' lang='lat'>12.</span> <span class='ocrx_word' id='word_1_116' title='bbox 847 1403 962 1442; x_wconf 87' lang='lat' dir='ltr'>Unde</span> <span class='ocrx_word' id='word_1_117' title='bbox 977 1409 1230 1454; x_wconf 86' lang='lat' dir='ltr'><strong>cognoscatur</strong></span> <span class='ocrx_word' id='word_1_118' title='bbox 1243 1404 1448 1455; x_wconf 90' lang='lat' dir='ltr'><strong>legislator.</strong></span> <span class='ocrx_word' id='word_1_119' title='bbox 1504 1409 1565 1445; x_wconf 80' lang='lat'>13.</span> <span class='ocrx_word' id='word_1_120' title='bbox 1593 1406 1657 1443; x_wconf 94' lang='lat' dir='ltr'><strong>Ad</strong></span> <span class='ocrx_word' id='word_1_121' title='bbox 1676 1418 1835 1456; x_wconf 89' lang='lat' dir='ltr'><strong>cognos-</strong></span> 
     </span>
     <span class='ocr_line' id='line_1_16' title="bbox 499 1465 1834 1517; baseline 0.001 -15"><span class='ocrx_word' id='word_1_122' title='bbox 499 1465 658 1503; x_wconf 87' lang='lat' dir='ltr'><strong>cendam</strong></span> <span class='ocrx_word' id='word_1_123' title='bbox 690 1465 813 1515; x_wconf 90' lang='lat' dir='ltr'><strong>legem</strong></span> <span class='ocrx_word' id='word_1_124' title='bbox 844 1465 1054 1502; x_wconf 87' lang='lat' dir='ltr'><strong>necessaria</strong></span> <span class='ocrx_word' id='word_1_125' title='bbox 1088 1469 1176 1502; x_wconf 89' lang='lat' dir='ltr'><strong>sunt</strong></span> <span class='ocrx_word' id='word_1_126' title='bbox 1209 1466 1461 1516; x_wconf 83' lang='lat' dir='ltr'><strong>promulgatio</strong></span> <span class='ocrx_word' id='word_1_127' title='bbox 1497 1472 1535 1505; x_wconf 89' lang='lat' dir='ltr'><strong>et</strong></span> <span class='ocrx_word' id='word_1_128' title='bbox 1562 1467 1834 1517; x_wconf 83' lang='lat' dir='ltr'><strong>interpretatio.</strong></span> 
     </span>
     <span class='ocr_line' id='line_1_17' title="bbox 501 1526 1835 1579; baseline 0.001 -14"><span class='ocrx_word' id='word_1_129' title='bbox 501 1529 562 1565; x_wconf 79' lang='lat'>14⁴.</span> <span class='ocrx_word' id='word_1_130' title='bbox 590 1526 706 1576; x_wconf 86' lang='lat' dir='ltr'><strong>Legis</strong></span> <span class='ocrx_word' id='word_1_131' title='bbox 725 1526 844 1564; x_wconf 86' lang='lat' dir='ltr'><strong>civilis</strong></span> <span class='ocrx_word' id='word_1_132' title='bbox 862 1526 996 1563; x_wconf 89' lang='lat' dir='ltr'><strong>divisio</strong></span> <span class='ocrx_word' id='word_1_133' title='bbox 1014 1526 1054 1563; x_wconf 92' lang='lat' dir='ltr'><strong>in</strong></span> <span class='ocrx_word' id='word_1_134' title='bbox 1067 1526 1247 1575; x_wconf 88' lang='lat' dir='ltr'><strong>scriptam</strong></span> <span class='ocrx_word' id='word_1_135' title='bbox 1262 1531 1300 1563; x_wconf 94' lang='lat' dir='ltr'><strong>et</strong></span> <span class='ocrx_word' id='word_1_136' title='bbox 1310 1539 1386 1564; x_wconf 89' lang='lat' dir='ltr'><strong>non</strong></span> <span class='ocrx_word' id='word_1_137' title='bbox 1400 1529 1588 1578; x_wconf 87' lang='lat' dir='ltr'><strong>scriptam.</strong></span> <span class='ocrx_word' id='word_1_138' title='bbox 1620 1530 1681 1567; x_wconf 89' lang='lat'><strong>15.</strong></span> <span class='ocrx_word' id='word_1_139' title='bbox 1709 1527 1835 1579; x_wconf 81' lang='lat' dir='ltr'><strong>Leges</strong></span> 
     </span>
     <span class='ocr_line' id='line_1_18' title="bbox 500 1587 1835 1640; baseline 0.001 -15"><span class='ocrx_word' id='word_1_140' title='bbox 500 1588 689 1625; x_wconf 86' lang='lat' dir='ltr'><strong>naturales</strong></span> <span class='ocrx_word' id='word_1_141' title='bbox 707 1600 783 1625; x_wconf 91' lang='lat' dir='ltr'><strong>non</strong></span> <span class='ocrx_word' id='word_1_142' title='bbox 802 1600 883 1624; x_wconf 89' lang='lat' dir='ltr'><strong>esse</strong></span> <span class='ocrx_word' id='word_1_143' title='bbox 899 1587 1002 1636; x_wconf 89' lang='lat' dir='ltr'><strong>leges</strong></span> <span class='ocrx_word' id='word_1_144' title='bbox 1029 1587 1211 1636; x_wconf 88' lang='lat' dir='ltr'><strong>scriptas;</strong></span> <span class='ocrx_word' id='word_1_145' title='bbox 1238 1599 1362 1637; x_wconf 92' lang='lat' dir='ltr'><strong>neque</strong></span> <span class='ocrx_word' id='word_1_146' title='bbox 1379 1602 1559 1639; x_wconf 85' lang='lat' dir='ltr'><strong>responsa</strong></span> <span class='ocrx_word' id='word_1_147' title='bbox 1569 1589 1835 1640; x_wconf 87' lang='lat' dir='ltr'><strong>jurispruden-</strong></span> 
     </span>
     <span class='ocr_line' id='line_1_19' title="bbox 502 1645 1836 1700; baseline 0.001 -13"><span class='ocrx_word' id='word_1_148' title='bbox 502 1654 597 1692; x_wconf 93' lang='lat' dir='ltr'><strong>tum,</strong></span> <span class='ocrx_word' id='word_1_149' title='bbox 615 1661 740 1699; x_wconf 90' lang='lat' dir='ltr'><strong>neque</strong></span> <span class='ocrx_word' id='word_1_150' title='bbox 759 1649 1072 1686; x_wconf 89' lang='lat' dir='ltr'><strong>consuetudinem</strong></span> <span class='ocrx_word' id='word_1_151' title='bbox 1087 1661 1167 1686; x_wconf 84' lang='lat' dir='ltr'><strong>esse</strong></span> <span class='ocrx_word' id='word_1_152' title='bbox 1184 1645 1292 1699; x_wconf 88' lang='lat' dir='ltr'><strong>leges</strong></span> <span class='ocrx_word' id='word_1_153' title='bbox 1307 1662 1376 1700; x_wconf 91' lang='lat' dir='ltr'><strong>per</strong></span> <span class='ocrx_word' id='word_1_154' title='bbox 1386 1663 1438 1695; x_wconf 92' lang='lat' dir='ltr'><strong>se,</strong></span> <span class='ocrx_word' id='word_1_155' title='bbox 1452 1650 1520 1688; x_wconf 87' lang='lat' dir='ltr'><strong>sed</strong></span> <span class='ocrx_word' id='word_1_156' title='bbox 1533 1663 1602 1700; x_wconf 89' lang='lat' dir='ltr'><strong>per</strong></span> <span class='ocrx_word' id='word_1_157' title='bbox 1613 1663 1836 1689; x_wconf 86' lang='lat' dir='ltr'><strong>consensum</strong></span> 
     </span>
     <span class='ocr_line' id='line_1_20' title="bbox 500 1709 1837 1762; baseline 0.001 -14"><span class='ocrx_word' id='word_1_158' title='bbox 500 1723 659 1748; x_wconf 81' lang='lat' dir='ltr'><strong>summae</strong></span> <span class='ocrx_word' id='word_1_159' title='bbox 694 1711 901 1760; x_wconf 89' lang='lat' dir='ltr'><strong>potestatis.</strong></span> <span class='ocrx_word' id='word_1_160' title='bbox 959 1713 1017 1749; x_wconf 91' lang='lat'><strong>16.</strong></span> <span class='ocrx_word' id='word_1_161' title='bbox 1044 1709 1200 1749; x_wconf 90' lang='lat' dir='ltr'><strong>Peccati</strong></span> <span class='ocrx_word' id='word_1_162' title='bbox 1233 1724 1372 1750; x_wconf 88' lang='lat' dir='ltr'><strong>nomen</strong></span> <span class='ocrx_word' id='word_1_163' title='bbox 1406 1711 1586 1749; x_wconf 85' lang='lat' dir='ltr'><strong>latissime</strong></span> <span class='ocrx_word' id='word_1_164' title='bbox 1621 1717 1837 1762; x_wconf 85' lang='lat' dir='ltr'><strong>acceptum,</strong></span> 
     </span>
     <span class='ocr_line' id='line_1_21' title="bbox 501 1771 1837 1822; baseline 0.002 -13"><span class='ocrx_word' id='word_1_165' title='bbox 501 1773 594 1822; x_wconf 91' lang='lat' dir='ltr'><strong>quid</strong></span> <span class='ocrx_word' id='word_1_166' title='bbox 621 1772 819 1822; x_wconf 90' lang='lat' dir='ltr'><strong>significet.</strong></span> <span class='ocrx_word' id='word_1_167' title='bbox 871 1772 936 1813; x_wconf 85' lang='lat'>17.</span> <span class='ocrx_word' id='word_1_168' title='bbox 964 1771 1118 1810; x_wconf 86' lang='lat' dir='ltr'><strong>Peccati</strong></span> <span class='ocrx_word' id='word_1_169' title='bbox 1155 1774 1337 1812; x_wconf 88' lang='lat' dir='ltr'><strong>definitio.</strong></span> <span class='ocrx_word' id='word_1_170' title='bbox 1394 1776 1454 1812; x_wconf 87' lang='lat'>18.</span> <span class='ocrx_word' id='word_1_171' title='bbox 1482 1773 1710 1811; x_wconf 83' lang='lat' dir='ltr'><strong>Differentia</strong></span> <span class='ocrx_word' id='word_1_172' title='bbox 1738 1774 1837 1812; x_wconf 88' lang='lat' dir='ltr'><strong>inter</strong></span> 
     </span>
     <span class='ocr_line' id='line_1_22' title="bbox 500 1832 1838 1884; baseline 0.002 -14"><span class='ocrx_word' id='word_1_173' title='bbox 500 1838 701 1883; x_wconf 87' lang='lat' dir='ltr'><strong>peccatum</strong></span> <span class='ocrx_word' id='word_1_174' title='bbox 719 1833 947 1871; x_wconf 90' lang='lat' dir='ltr'><strong>infirmitatis</strong></span> <span class='ocrx_word' id='word_1_175' title='bbox 966 1838 1005 1870; x_wconf 89' lang='lat' dir='ltr'><strong>et</strong></span> <span class='ocrx_word' id='word_1_176' title='bbox 1022 1834 1220 1872; x_wconf 86' lang='lat' dir='ltr'><strong>malitiam.</strong></span> <span class='ocrx_word' id='word_1_177' title='bbox 1276 1837 1337 1875; x_wconf 88' lang='lat'>19.</span> <span class='ocrx_word' id='word_1_178' title='bbox 1365 1834 1411 1872; x_wconf 90' lang='lat' dir='ltr'><strong>In</strong></span> <span class='ocrx_word' id='word_1_179' title='bbox 1441 1847 1518 1884; x_wconf 92' lang='lat' dir='ltr'><strong>quo</strong></span> <span class='ocrx_word' id='word_1_180' title='bbox 1535 1847 1674 1883; x_wconf 89' lang='lat' dir='ltr'><strong>genere</strong></span> <span class='ocrx_word' id='word_1_181' title='bbox 1693 1832 1838 1884; x_wconf 81' lang='lat' dir='ltr'><strong>peccati</strong></span> 
     </span>
     <span class='ocr_line' id='line_1_23' title="bbox 501 1894 1834 1945; baseline 0 -13"><span class='ocrx_word' id='word_1_182' title='bbox 501 1895 740 1932; x_wconf 89' lang='lat' dir='ltr'><strong>contineatur</strong></span> <span class='ocrx_word' id='word_1_183' title='bbox 758 1895 974 1932; x_wconf 88' lang='lat' dir='ltr'><strong>atheismus.</strong></span> <span class='ocrx_word' id='word_1_184' title='bbox 1027 1896 1089 1934; x_wconf 90' lang='lat'>20.</span> <span class='ocrx_word' id='word_1_185' title='bbox 1118 1895 1221 1937; x_wconf 80' lang='lat' dir='ltr'><strong>Quid</strong></span> <span class='ocrx_word' id='word_1_186' title='bbox 1253 1896 1302 1933; x_wconf 89' lang='lat' dir='ltr'><strong>sit</strong></span> <span class='ocrx_word' id='word_1_187' title='bbox 1332 1896 1474 1933; x_wconf 90' lang='lat' dir='ltr'><strong>crimen</strong></span> <span class='ocrx_word' id='word_1_188' title='bbox 1492 1895 1589 1933; x_wconf 84' lang='lat' dir='ltr'><strong>laesae</strong></span> <span class='ocrx_word' id='word_1_189' title='bbox 1619 1894 1834 1945; x_wconf 86' lang='lat' dir='ltr'><strong>majestatis.</strong></span> 
     </span>
     <span class='ocr_line' id='line_1_24' title="bbox 501 1955 1837 2006; baseline 0 -12"><span class='ocrx_word' id='word_1_190' title='bbox 501 1959 565 1994; x_wconf 87' lang='lat'>21.</span> <span class='ocrx_word' id='word_1_191' title='bbox 594 1956 761 1994; x_wconf 89' lang='lat' dir='ltr'><strong>Crimine</strong></span> <span class='ocrx_word' id='word_1_192' title='bbox 787 1957 885 1993; x_wconf 82' lang='lat' dir='ltr'><strong>laesoe</strong></span> <span class='ocrx_word' id='word_1_193' title='bbox 916 1955 1120 2006; x_wconf 86' lang='lat' dir='ltr'><strong>majestatis</strong></span> <span class='ocrx_word' id='word_1_194' title='bbox 1148 1969 1224 1994; x_wconf 88' lang='lat' dir='ltr'><strong>non</strong></span> <span class='ocrx_word' id='word_1_195' title='bbox 1255 1957 1358 2006; x_wconf 87' lang='lat' dir='ltr'><strong>leges</strong></span> <span class='ocrx_word' id='word_1_196' title='bbox 1395 1956 1522 1994; x_wconf 85' lang='lat' dir='ltr'><strong>civiles</strong></span> <span class='ocrx_word' id='word_1_197' title='bbox 1549 1956 1616 1994; x_wconf 86' lang='lat' dir='ltr'><strong>sed</strong></span> <span class='ocrx_word' id='word_1_198' title='bbox 1647 1957 1837 1995; x_wconf 77' lang='lat' dir='ltr'><strong>naturales</strong></span> 
     </span>
     <span class='ocr_line' id='line_1_25' title="bbox 501 2017 1836 2069; baseline 0.001 -15"><span class='ocrx_word' id='word_1_199' title='bbox 501 2017 656 2055; x_wconf 87' lang='lat' dir='ltr'><strong>violari:</strong></span> <span class='ocrx_word' id='word_1_200' title='bbox 697 2019 762 2056; x_wconf 89' lang='lat'>22.</span> <span class='ocrx_word' id='word_1_201' title='bbox 789 2017 959 2068; x_wconf 87' lang='lat' dir='ltr'><strong>Ideoque</strong></span> <span class='ocrx_word' id='word_1_202' title='bbox 977 2030 1054 2055; x_wconf 92' lang='lat' dir='ltr'><strong>non</strong></span> <span class='ocrx_word' id='word_1_203' title='bbox 1079 2017 1169 2068; x_wconf 85' lang='lat' dir='ltr'><strong>jure</strong></span> <span class='ocrx_word' id='word_1_204' title='bbox 1198 2019 1358 2068; x_wconf 88' lang='lat' dir='ltr'><strong>imperii,</strong></span> <span class='ocrx_word' id='word_1_205' title='bbox 1391 2018 1458 2056; x_wconf 91' lang='lat' dir='ltr'><strong>sed</strong></span> <span class='ocrx_word' id='word_1_206' title='bbox 1483 2018 1571 2069; x_wconf 90' lang='lat' dir='ltr'><strong>jure</strong></span> <span class='ocrx_word' id='word_1_207' title='bbox 1588 2017 1677 2056; x_wconf 91' lang='lat' dir='ltr'><strong>belli</strong></span> <span class='ocrx_word' id='word_1_208' title='bbox 1694 2018 1836 2067; x_wconf 91' lang='lat' dir='ltr'><strong>puniri.</strong></span> 
     </span>
     <span class='ocr_line' id='line_1_26' title="bbox 502 2078 1784 2130; baseline -0.002 -12"><span class='ocrx_word' id='word_1_209' title='bbox 502 2081 566 2118; x_wconf 82' lang='lat'>23.</span> <span class='ocrx_word' id='word_1_210' title='bbox 596 2078 863 2116; x_wconf 89' lang='lat' dir='ltr'><strong>Obedientiam</strong></span> <span class='ocrx_word' id='word_1_211' title='bbox 882 2091 958 2116; x_wconf 90' lang='lat' dir='ltr'><strong>non</strong></span> <span class='ocrx_word' id='word_1_212' title='bbox 978 2084 1079 2117; x_wconf 87' lang='lat' dir='ltr'><strong>recte</strong></span> <span class='ocrx_word' id='word_1_213' title='bbox 1098 2080 1280 2130; x_wconf 88' lang='lat' dir='ltr'><strong>distingui</strong></span> <span class='ocrx_word' id='word_1_214' title='bbox 1297 2080 1336 2116; x_wconf 87' lang='lat' dir='ltr'><strong>in</strong></span> <span class='ocrx_word' id='word_1_215' title='bbox 1350 2080 1513 2117; x_wconf 89' lang='lat' dir='ltr'><strong>activam</strong></span> <span class='ocrx_word' id='word_1_216' title='bbox 1531 2084 1570 2117; x_wconf 94' lang='lat' dir='ltr'><strong>et</strong></span> <span class='ocrx_word' id='word_1_217' title='bbox 1585 2079 1784 2129; x_wconf 83' lang='lat' dir='ltr'><strong>passivam.</strong></span> 
     </span>
    </p>
   </div>
   <div class='ocr_carea' id='block_1_5' title="bbox 170 2157 1839 2812">
    <p class='ocr_par' dir='ltr' id='par_1_6' title="bbox 170 2157 1839 2812">
     <span class='ocr_line' id='line_1_27' title="bbox 195 2157 1834 2222; baseline -0.002 -15"><span class='ocrx_word' id='word_1_218' title='bbox 195 2167 322 2200; x_wconf 82' lang='lat' dir='ltr'><strong>SECT·</strong></span> <span class='ocrx_word' id='word_1_219' title='bbox 342 2167 412 2200; x_wconf 74' lang='grc' dir='ltr'><strong>ΙΙΙ.</strong></span> <span class='ocrx_word' id='word_1_220' title='bbox 460 2165 501 2207; x_wconf 93' lang='grc'><strong>1.</strong></span> <span class='ocrx_word' id='word_1_221' title='bbox 537 2159 654 2206; x_wconf 83' lang='lat' dir='ltr'><strong>LEX</strong></span> <span class='ocrx_word' id='word_1_222' title='bbox 690 2158 750 2206; x_wconf 87' lang='lat' dir='ltr'><strong>ab</strong></span> <span class='ocrx_word' id='word_1_223' title='bbox 787 2158 862 2215; x_wconf 89' lang='lat' dir='ltr'><strong>iis,</strong></span> <span class='ocrx_word' id='word_1_224' title='bbox 901 2158 984 2222; x_wconf 90' lang='lat' dir='ltr'><strong>qui</strong></span> <span class='ocrx_word' id='word_1_225' title='bbox 1019 2158 1118 2206; x_wconf 89' lang='lat' dir='ltr'><strong>vim</strong></span> <span class='ocrx_word' id='word_1_226' title='bbox 1153 2159 1412 2206; x_wconf 80' lang='lat' dir='ltr'><strong>verborum</strong></span> <span class='ocrx_word' id='word_1_227' title='bbox 1452 2157 1610 2204; x_wconf 90' lang='lat' dir='ltr'><strong>minus</strong></span> <span class='ocrx_word' id='word_1_228' title='bbox 1645 2173 1834 2205; x_wconf 89' lang='lat' dir='ltr'><strong>morose</strong></span> 
     </span>
     <span class='ocr_line' id='line_1_28' title="bbox 184 2219 1836 2298; baseline 0 -18"><span class='ocrx_word' id='word_1_229' title='bbox 184 2219 400 2289; x_wconf 33' lang='grc' dir='ltr'><strong>,ᾧ</strong></span> <span class='ocrx_word' id='word_1_230' title='bbox 454 2234 716 2298; x_wconf 85' lang='lat' dir='ltr'><strong>pensitant,</strong></span> <span class='ocrx_word' id='word_1_231' title='bbox 739 2233 999 2297; x_wconf 87' lang='lat' dir='ltr'><strong>aliquando</strong></span> <span class='ocrx_word' id='word_1_232' title='bbox 1035 2250 1146 2281; x_wconf 87' lang='lat' dir='ltr'><strong>cum</strong></span> <span class='ocrx_word' id='word_1_233' title='bbox 1187 2233 1408 2291; x_wconf 66' lang='grc' dir='ltr'><strong><em>σοηείἰὶο,</em></strong></span> <span class='ocrx_word' id='word_1_234' title='bbox 1442 2232 1699 2296; x_wconf 90' lang='lat' dir='ltr'><strong>aliquando</strong></span> <span class='ocrx_word' id='word_1_235' title='bbox 1725 2249 1836 2280; x_wconf 89' lang='lat' dir='ltr'><strong>cum</strong></span> 
     </span>
     <span class='ocr_line' id='line_1_29' title="bbox 170 2307 1836 2388; baseline -0.002 -30"><span class='ocrx_word' id='word_1_236' title='bbox 170 2314 438 2388; x_wconf 45' lang='lat' dir='ltr'><strong>ffissssfflssss’ffio</strong></span> <span class='ocrx_word' id='word_1_237' title='bbox 446 2317 620 2374; x_wconf 68' lang='lat' dir='ltr'><strong>pacm,</strong></span> <span class='ocrx_word' id='word_1_238' title='bbox 636 2309 896 2373; x_wconf 89' lang='lat' dir='ltr'><strong>aliquando</strong></span> <span class='ocrx_word' id='word_1_239' title='bbox 912 2310 1150 2372; x_wconf 80' lang='lat' dir='ltr'><strong>cumjure</strong></span> <span class='ocrx_word' id='word_1_240' title='bbox 1169 2308 1495 2357; x_wconf 83' lang='lat' dir='ltr'><strong>confunditur.</strong></span> <span class='ocrx_word' id='word_1_241' title='bbox 1522 2307 1836 2356; x_wconf 87' lang='lat' dir='ltr'><strong>Confundunt</strong></span> 
     </span>
     <span class='ocr_line' id='line_1_30' title="bbox 453 2383 1835 2451; baseline -0.002 -16"><span class='ocrx_word' id='word_1_242' title='bbox 453 2387 614 2451; x_wconf 79' lang='lat' dir='ltr'><strong>legem</strong></span> <span class='ocrx_word' id='word_1_243' title='bbox 645 2401 757 2433; x_wconf 90' lang='lat' dir='ltr'><strong>cum</strong></span> <span class='ocrx_word' id='word_1_244' title='bbox 788 2384 1009 2443; x_wconf 72' lang='lat' dir='ltr'><strong>consilio,</strong></span> <span class='ocrx_word' id='word_1_245' title='bbox 1035 2385 1118 2448; x_wconf 88' lang='lat' dir='ltr'><strong>qui</strong></span> <span class='ocrx_word' id='word_1_246' title='bbox 1141 2391 1317 2448; x_wconf 87' lang='lat' dir='ltr'><strong>putant</strong></span> <span class='ocrx_word' id='word_1_247' title='bbox 1339 2383 1710 2432; x_wconf 82' lang='lat' dir='ltr'><strong>monarchamm</strong></span> <span class='ocrx_word' id='word_1_248' title='bbox 1733 2384 1835 2432; x_wconf 92' lang='lat' dir='ltr'><strong>offi-</strong></span> 
     </span>
     <span class='ocr_line' id='line_1_31' title="bbox 454 2459 1835 2518; baseline -0.001 -8"><span class='ocrx_word' id='word_1_249' title='bbox 454 2462 583 2510; x_wconf 89' lang='lat' dir='ltr'><strong>cium</strong></span> <span class='ocrx_word' id='word_1_250' title='bbox 606 2477 710 2509; x_wconf 88' lang='lat' dir='ltr'><strong>esse</strong></span> <span class='ocrx_word' id='word_1_251' title='bbox 734 2460 1051 2509; x_wconf 74' lang='lat' dir='ltr'><strong>consiliarios</strong></span> <span class='ocrx_word' id='word_1_252' title='bbox 1074 2476 1175 2508; x_wconf 88' lang='lat' dir='ltr'><strong>non</strong></span> <span class='ocrx_word' id='word_1_253' title='bbox 1197 2460 1341 2508; x_wconf 91' lang='lat' dir='ltr'><strong>modo</strong></span> <span class='ocrx_word' id='word_1_254' title='bbox 1366 2460 1547 2518; x_wconf 83' lang='lat' dir='ltr'><strong>audire,</strong></span> <span class='ocrx_word' id='word_1_255' title='bbox 1580 2459 1666 2507; x_wconf 86' lang='lat' dir='ltr'><strong>sed</strong></span> <span class='ocrx_word' id='word_1_256' title='bbox 1688 2460 1835 2508; x_wconf 86' lang='lat' dir='ltr'><strong>etiam</strong></span> 
     </span>
     <span class='ocr_line' id='line_1_32' title="bbox 452 2536 1835 2600; baseline -0.002 -15"><span class='ocrx_word' id='word_1_257' title='bbox 452 2537 510 2585; x_wconf 89' lang='lat' dir='ltr'><strong>iis</strong></span> <span class='ocrx_word' id='word_1_258' title='bbox 568 2537 796 2592; x_wconf 88' lang='lat' dir='ltr'><strong>obedire;</strong></span> <span class='ocrx_word' id='word_1_259' title='bbox 846 2543 1080 2600; x_wconf 88' lang='lat' dir='ltr'><strong>tanquam</strong></span> <span class='ocrx_word' id='word_1_260' title='bbox 1127 2537 1168 2584; x_wconf 90' lang='lat' dir='ltr'><strong>si</strong></span> <span class='ocrx_word' id='word_1_261' title='bbox 1213 2536 1467 2584; x_wconf 89' lang='lat' dir='ltr'><strong>consilium</strong></span> <span class='ocrx_word' id='word_1_262' title='bbox 1513 2551 1700 2598; x_wconf 85' lang='lat' dir='ltr'><strong>capere,</strong></span> <span class='ocrx_word' id='word_1_263' title='bbox 1740 2536 1835 2583; x_wconf 90' lang='lat' dir='ltr'><strong>nisi</strong></span> 
     </span>
     <span class='ocr_line' id='line_1_33' title="bbox 454 2611 1839 2677; baseline -0.001 -16"><span class='ocrx_word' id='word_1_264' title='bbox 454 2613 603 2661; x_wconf 90' lang='lat' dir='ltr'><strong>etiam</strong></span> <span class='ocrx_word' id='word_1_265' title='bbox 627 2613 757 2677; x_wconf 92' lang='lat' dir='ltr'><strong>quod</strong></span> <span class='ocrx_word' id='word_1_266' title='bbox 780 2613 1055 2660; x_wconf 86' lang='lat' dir='ltr'><strong>consultum</strong></span> <span class='ocrx_word' id='word_1_267' title='bbox 1079 2619 1153 2661; x_wconf 88' lang='lat' dir='ltr'><strong>est</strong></span> <span class='ocrx_word' id='word_1_268' title='bbox 1186 2614 1288 2671; x_wconf 83' lang='lat' dir='ltr'><strong>fiat,</strong></span> <span class='ocrx_word' id='word_1_269' title='bbox 1311 2612 1493 2660; x_wconf 88' lang='lat' dir='ltr'><strong>frustra</strong></span> <span class='ocrx_word' id='word_1_270' title='bbox 1515 2617 1656 2659; x_wconf 86' lang='lat' dir='ltr'><strong>esset.</strong></span> <span class='ocrx_word' id='word_1_271' title='bbox 1725 2611 1839 2659; x_wconf 89' lang='lat' dir='ltr'><strong>Dis-</strong></span> 
     </span>
     <span class='ocr_line' id='line_1_34' title="bbox 455 2686 1837 2752; baseline 0 -17"><span class='ocrx_word' id='word_1_272' title='bbox 455 2689 628 2737; x_wconf 85' lang='lat' dir='ltr'><strong>tinctio</strong></span> <span class='ocrx_word' id='word_1_273' title='bbox 671 2689 799 2737; x_wconf 88' lang='lat' dir='ltr'><strong>inter</strong></span> <span class='ocrx_word' id='word_1_274' title='bbox 846 2688 1100 2736; x_wconf 74' lang='lat' dir='ltr'><strong>consilium</strong></span> <span class='ocrx_word' id='word_1_275' title='bbox 1139 2694 1188 2735; x_wconf 90' lang='lat' dir='ltr'><strong>et</strong></span> <span class='ocrx_word' id='word_1_276' title='bbox 1233 2687 1391 2752; x_wconf 82' lang='lat' dir='ltr'><strong>legem</strong></span> <span class='ocrx_word' id='word_1_277' title='bbox 1434 2686 1646 2749; x_wconf 88' lang='lat' dir='ltr'><strong>petenda</strong></span> <span class='ocrx_word' id='word_1_278' title='bbox 1690 2693 1764 2734; x_wconf 91' lang='lat' dir='ltr'><strong>est</strong></span> <span class='ocrx_word' id='word_1_279' title='bbox 1806 2704 1837 2735; x_wconf 88' lang='lat' dir='ltr'><strong>a</strong></span> 
     </span>
     <span class='ocr_line' id='line_1_35' title="bbox 456 2762 1836 2812; baseline -0.001 0"><span class='ocrx_word' id='word_1_280' title='bbox 456 2765 728 2812; x_wconf 86' lang='lat' dir='ltr'><strong>differentia</strong></span> <span class='ocrx_word' id='word_1_281' title='bbox 744 2765 874 2812; x_wconf 90' lang='lat' dir='ltr'><strong>inter</strong></span> <span class='ocrx_word' id='word_1_282' title='bbox 893 2764 1149 2812; x_wconf 78' lang='lat' dir='ltr'><strong>consilium</strong></span> <span class='ocrx_word' id='word_1_283' title='bbox 1172 2771 1222 2811; x_wconf 90' lang='lat' dir='ltr'><strong>et</strong></span> <span class='ocrx_word' id='word_1_284' title='bbox 1244 2762 1538 2811; x_wconf 79' lang='lat' dir='ltr'><strong>mandatum.</strong></span> <span class='ocrx_word' id='word_1_285' title='bbox 1572 2762 1683 2810; x_wconf 89' lang='lat' dir='ltr'><strong>Jam</strong></span> <span class='ocrx_word' id='word_1_286' title='bbox 1703 2777 1836 2811; x_wconf 83' lang='lat' dir='ltr'>CON-</span> 
     </span>
    </p>
   </div>
   <div class='ocr_carea' id='block_1_6' title="bbox 458 2837 1836 2904">
    <p class='ocr_par' dir='ltr' id='par_1_7' title="bbox 458 2837 1836 2904">
     <span class='ocr_line' id='line_1_36' title="bbox 458 2837 1836 2904; baseline -0.002 -16"><span class='ocrx_word' id='word_1_287' title='bbox 458 2855 653 2889; x_wconf 86' lang='lat' dir='ltr'>SILIUM</span> <span class='ocrx_word' id='word_1_288' title='bbox 690 2847 763 2888; x_wconf 89' lang='lat' dir='ltr'><strong>est</strong></span> <span class='ocrx_word' id='word_1_289' title='bbox 784 2845 1112 2904; x_wconf 78' lang='lat' dir='ltr'><strong>proeceptum,</strong></span> <span class='ocrx_word' id='word_1_290' title='bbox 1143 2839 1195 2887; x_wconf 91' lang='lat' dir='ltr'><strong>in</strong></span> <span class='ocrx_word' id='word_1_291' title='bbox 1223 2854 1318 2902; x_wconf 91' lang='lat' dir='ltr'><strong>quo</strong></span> <span class='ocrx_word' id='word_1_292' title='bbox 1342 2837 1483 2897; x_wconf 81' lang='lat' dir='ltr'><strong>ratio,</strong></span> <span class='ocrx_word' id='word_1_293' title='bbox 1517 2853 1666 2901; x_wconf 89' lang='lat' dir='ltr'><strong>quare</strong></span> <span class='ocrx_word' id='word_1_294' title='bbox 1695 2854 1836 2902; x_wconf 77' lang='lat' dir='ltr'><strong>pare-</strong></span> 
     </span>
    </p>
   </div>
   <div class='ocr_carea' id='block_1_7' title="bbox 1946 0 2020 523">
    <p class='ocr_par' dir='ltr' id='par_1_8' title="bbox 1946 0 2020 523">
     <span class='ocr_line' id='line_1_37' title="bbox 1946 0 2020 523; baseline 0 2739"><span class='ocrx_word' id='word_1_295' title='bbox 1946 0 2020 523; x_wconf 95' lang='lat' dir='ltr'><strong> </strong></span> 
     </span>
    </p>
   </div>
  </div>
 </body>
</html>
