2020 3262
205 2146 335 2179 SECT.
362 2146 430 2177 111.

306 2197 339 2228 2.

191 2290 298 2327 Legem
310 2292 425 2317 natura-

188 2333 246 2361 lem
268 2342 327 2360 non
353 2341 415 2360 esse

190 2385 363 2404 consensum
376 2375 425 2403 ho-

190 2419 310 2452 minum,
324 2419 373 2446 sed
380 2419 436 2446 dio-

191 2465 287 2490 tamen
300 2461 426 2490 rationis.

464 270 562 334 ,168
1019 282 1307 317 LIBERTAS.

680 624 741 655 DE
767 624 885 655 LEGE
916 623 1122 656 NATURAE
1147 624 1283 655 CIRCA
1310 623 1635 657 CONTRACTUS.

469 708 502 743 1.
521 705 667 756 Legem
684 707 892 744 naturalem
911 719 985 744 non
1006 719 1085 744 esse
1101 719 1325 744 consensum
1345 707 1553 753 hominum,
1571 707 1637 744 sed
1659 697 1852 746 dictamen

516 768 680 805 rationis.
735 771 771 806 2.
800 767 945 818 Legem
977 773 1125 806 naturae
1147 767 1468 805 funda-mentalem
1492 781 1583 813 esse,
1606 769 1850 819 quaerendam

516 841 595 866 esse
609 841 754 878 pacem,
773 829 804 866 si
824 829 952 866 haberi
971 835 1118 878 potest;
1136 829 1166 865 si
1186 829 1315 866 haberi
1334 841 1410 866 non
1428 834 1565 878 potest,
1579 829 1850 868 defensionem.

516 892 554 927 3.
573 889 657 926 Lex
675 895 819 926 naturae
837 890 1009 938 specialis
1027 891 1160 939 prima,
1184 890 1247 939 jus
1276 891 1314 926 in
1343 891 1470 927 omnia
1487 903 1563 927 non
1587 903 1667 928 esse
1685 892 1852 929 retinen-

517 950 620 987 dum.
661 953 698 988 4.
719 951 822 992 Quid
841 951 889 987 sit
902 950 964 1000 jus
984 951 1207 1000 relinquere,
1227 951 1319 1000 quid
1337 950 1551 988 transferre.
1590 955 1628 990 5.
1646 949 1712 988 Ad
1729 956 1852 990 trans-

515 1011 695 1048 lationem
702 1010 799 1060 juris
810 1011 1059 1048 necessariam
1071 1023 1150 1047 esse
1164 1010 1397 1048 voluntatem
1409 1012 1652 1060 acceptantiS.
1671 1014 1709 1051 6.
1721 1011 1853 1050 Verba

516 1084 593 1109 non
612 1071 845 1109 transferunt
857 1071 931 1121 jus,
950 1072 1021 1109 nisi
1036 1072 1083 1109 de
1101 1073 1288 1121 praesenti.
1315 1073 1352 1112 7.
1372 1071 1500 1109 Verba
1514 1072 1561 1109 de
1575 1071 1717 1115 futuro,
1731 1073 1763 1110 si
1776 1071 1852 1111 alia

517 1133 625 1182 signa
650 1132 853 1170 voluntatis
882 1133 1019 1175 adsint,
1051 1133 1173 1169 valere
1204 1132 1254 1170 ad
1278 1132 1342 1183 jus
1369 1132 1684 1170 transferendum.
1736 1136 1774 1172 8.
1801 1134 1846 1172 Ir

517 1193 637 1230 libera
654 1193 870 1236 donatione,
890 1193 1014 1230 verbis
1033 1193 1079 1230 de
1099 1192 1227 1230 futuro
1239 1192 1304 1242 jus
1322 1206 1398 1230 non
1416 1194 1561 1231 transit.
1605 1197 1644 1233 9.
1663 1194 1851 1233 Definitio

518 1258 735 1291 contractus
749 1259 787 1290 et
801 1254 914 1303 pacti.
950 1255 1012 1291 10.
1027 1253 1071 1290 In
1086 1254 1205 1302 pactis
1221 1255 1354 1290 transit
1360 1253 1425 1304 jus
1436 1267 1505 1304 per
1519 1254 1634 1292 verba
1648 1255 1695 1292 de
1707 1255 1852 1294 futuro.

517 1316 577 1352 11.
598 1314 716 1351 Pacta
734 1320 876 1351 mutuae
893 1314 982 1351 fidei
1001 1315 1037 1351 in
1057 1319 1157 1351 statu
1176 1320 1321 1351 naturae
1345 1314 1484 1352 frustra
1502 1321 1541 1353 et
1559 1315 1723 1353 invalida
1740 1322 1828 1354 sunt
1840 1332 1855 1361 ;

517 1375 556 1412 in
576 1375 729 1412 civitate
747 1388 823 1412 non
842 1376 944 1412 item.
981 1376 1043 1413 12.
1061 1374 1207 1412 Pacisci
1232 1388 1320 1413 cum
1339 1376 1473 1413 belluis
1498 1377 1687 1414 neminem
1713 1389 1850 1427 posse3

518 1448 642 1486 neque
679 1449 767 1474 cum
797 1436 898 1480 Deo,
924 1437 1004 1474 sine
1035 1437 1274 1475 revelatione.
1330 1441 1391 1476 13.
1418 1437 1555 1487 Neque
1580 1437 1667 1475 Deo
1698 1451 1849 1477 vovere.

520 1500 582 1535 14.
609 1498 728 1535 Pacta
745 1498 845 1535 ultra
861 1510 1051 1535 summum
1079 1504 1257 1536 conatum
1286 1511 1360 1535 non
1381 1498 1562 1548 obligant.
1619 1501 1680 1538 15.
1700 1499 1851 1542 Quibus

518 1558 642 1594 modis
659 1558 779 1607 pactis
803 1557 1018 1594 liberemur.
1075 1561 1135 1597 16.
1162 1558 1352 1596 Promissa
1369 1564 1472 1596 metu
1491 1559 1622 1596 mortis
1644 1564 1794 1597 extorta
1810 1560 1849 1598 in

519 1622 619 1655 statu
638 1623 784 1656 naturae
801 1618 925 1655 vali-da
949 1630 1041 1656 esse.
1096 1619 1158 1659 17.
1186 1618 1347 1656 Paetum
1364 1619 1549 1668 posterius
1566 1619 1684 1669 priori
1702 1625 1854 1658 contra-

520 1678 733 1725 dictorium,
751 1679 959 1716 invalidum
977 1684 1044 1716 est.
1099 1681 1159 1717 18.
1178 1679 1339 1717 Paetum
1363 1680 1410 1716 de
1431 1692 1506 1716 non
1533 1680 1738 1717 resistendo
1756 1680 1851 1719 infe-

519 1740 618 1776 renti
636 1740 817 1777 damnum
835 1740 1014 1789 eorporis,
1033 1740 1239 1777 invalidum
1259 1745 1326 1777 est.
1358 1743 1417 1780 19.
1437 1739 1598 1777 Paetum
1615 1740 1663 1778 de
1681 1753 1722 1778 se
1739 1753 1852 1779 accu-

519 1800 637 1837 sando
667 1800 874 1837 invalidum
905 1805 974 1837 est.
1022 1801 1086 1838 20.
1112 1800 1366 1850 Jurisjumndi
1397 1800 1578 1837 definitio.
1641 1803 1704 1839 21.
1723 1801 1852 1852 Jusju-

521 1861 682 1898 randum
698 1861 990 1911 concipiendum
1005 1874 1085 1898 esse
1105 1873 1150 1898 ea
1164 1861 1338 1905 formula,
1353 1874 1429 1911 qua
1442 1862 1561 1898 utitur
1574 1862 1605 1898 is
1623 1862 1688 1912 qui
1701 1862 1852 1911 accipit.

520 1925 584 1960 22.
607 1923 632 1961 J
637 1922 880 1973 usjurandum
899 1922 992 1958 nihil
1009 1922 1227 1971 superaddit
1246 1922 1479 1972 obligationi,
1498 1934 1584 1972 quae
1596 1928 1652 1959 est
1665 1934 1713 1959 ex
1726 1927 1852 1972 pacto.

522 1986 586 2022 23.
605 1984 870 2021 Juramentum
885 1996 960 2020 non
976 1982 1215 2032 exigendum,
1236 1983 1305 2019 nisi
1325 1983 1391 2020 ubi
1404 1988 1603 2032 pactorum
1621 1983 1773 2021 violatio
1793 1982 1855 2021 ve}

522 2045 638 2082 latere
656 2049 792 2093 potest,
810 2044 870 2081 vel
888 2057 963 2081 non
984 2049 1107 2093 potest
1123 2044 1249 2092 puniri
1268 2044 1340 2080 nisi
1358 2057 1380 2081 a
1399 2043 1500 2081 Deo.

477 2138 517 2179 Ι.
553 2132 633 2179 ΒΕ
659 2131 940 2178 definitione
974 2130 1106 2194 legis
1133 2131 1386 2178 naturalis
1414 2147 1514 2179 non
1542 2131 1856 2179 consentiunt

472 2207 715 2265 authores,
763 2207 845 2268 qui
890 2222 947 2253 ea
991 2222 1110 2253 voce
1155 2205 1541 2269 frequentissime
1591 2214 1755 2253 tamen
1799 2207 1851 2254 in

472 2282 664 2345 scriptis
690 2281 786 2328 suis
809 2281 884 2328 usi
908 2287 1037 2328 sunt.
1096 2281 1361 2328 Methodus
1385 2281 1582 2339 scilicet,
1609 2297 1705 2344 qua
1733 2281 1857 2329 inei—

471 2358 604 2421 pitur
628 2375 658 2405 a
681 2356 1043 2417 definitionibus
1075 2362 1124 2402 et
1156 2356 1431 2403 exclusione
1463 2355 1713 2418 aequivoci,
1737 2372 1854 2419 pro-

470 2434 578 2496 pria
612 2447 779 2479 eorum
814 2438 887 2478 est
919 2431 1001 2493 qui
1037 2431 1198 2478 locum
1233 2438 1404 2478 contra
1438 2430 1716 2493 disputandi
1752 2447 1852 2479 non

472 2508 770 2569 relinquunt.
841 2506 1139 2554 Caeterorum
1163 2506 1203 2553 si
1228 2506 1334 2570 quis
1367 2505 1485 2569 quid
1513 2505 1696 2552 factum
1721 2506 1857 2554 dicat

474 2591 647 2630 contra
675 2582 833 2646 legem
863 2582 1151 2640 naturalem,
1184 2597 1243 2628 ex
1275 2598 1331 2629 eo
1362 2581 1536 2645 probat
1558 2580 1696 2639 alius,
1722 2581 1854 2645 quod

474 2665 646 2705 eontra
668 2673 955 2705 eonsensum
977 2657 1160 2704 factum
1181 2658 1244 2704 sit
1262 2657 1477 2704 omnium
1500 2656 1576 2703 vel
1600 2656 1857 2719 sapientis-

475 2733 706 2780 simarum
728 2733 805 2780 vel
830 2733 1262 2780 eruditissimarum
1285 2731 1530 2795 gentium3
1561 2732 1666 2794 quis
1690 2739 1857 2780 autem

474 2807 534 2854 de
549 2807 799 2870 sapientia,
814 2807 1100 2865 eruditione,
1116 2815 1164 2855 et
1178 2807 1390 2854 moribus
1405 2806 1619 2853 omnium
1634 2808 1855 2869 gentium

468 2882 722 2944 judicabit,
747 2882 797 2929 id
828 2882 1024 2929 minime
1050 2882 1217 2930 docet:
1254 2881 1390 2939 alius,
1416 2881 1544 2944 quod
1571 2881 1756 2930 factum
1791 2882 1859 2930 sit
