2020 3262
449 237 550 281 360
1014 250 1259 284 RELIGIO.

188 376 318 415 sacr,
339 377 409 410 111,
445 355 620 415 fuerat,
645 373 746 406 non
769 364 933 406 tamen
957 360 1002 407 ei
1036 362 1370 418 credidissent,
1396 362 1568 409 saltem
1592 378 1693 410 non
1726 379 1846 432 cre-2·

271 428 323 459 ¹⁶·
448 431 662 479 dendum
693 441 813 491 erat,
840 434 879 481 si
910 434 978 482 ad
1009 435 1158 483 alium
1193 437 1379 483 cultum
1414 452 1495 483 eos
1528 453 1587 483 ex
1614 437 1838 502 AEgypto»

163 519 245 552 Quid
259 521 306 554 sit,
320 524 349 548 et
447 517 710 564 evocasset,
735 525 881 572 quam
915 511 979 558 ad
1013 511 1199 558 cultum
1234 511 1325 558 Dei
1353 512 1636 570 Abrahami,
1661 513 1838 572 Isziaci,¹>

162 564 385 635 ssssssssss‘sissiffg‘
446 589 496 630 et
534 584 564 631 J
567 584 706 631 acobi
743 592 938 647 patrum
985 602 1198 633 suorum.
1268 586 1456 634 Fuisset
1495 587 1625 634 enim
1660 595 1839 636 eontra.

161 650 284 678 'erbum
298 650 361 679 Dei
434 665 645 723 paetum
682 660 743 707 ab
771 660 866 708 illis
905 677 1017 707 cum
1052 661 1158 708 Deo
1190 661 1383 708 initum.
1455 661 1688 710 Similiter
1721 662 1837 711 duae.

444 749 522 781 res
547 742 676 793 sunt,
699 735 928 783 nimirum
942 736 1211 800 praedictio
1224 736 1522 800 futurorum
1536 744 1833 801 supernatu-

443 808 589 869 ralis,
610 811 743 873 quod
766 818 840 858 est
862 811 1034 874 ingens
1057 811 1361 871 miraculum,
1382 819 1431 859 et
1438 812 1580 874 fides
1603 812 1654 859 in
1672 811 1839 860 Deum

444 884 725 933 Abrahumi
763 886 1084 934 liberatorem
1125 903 1291 934 eorum
1329 904 1391 934 ea:
1428 887 1679 951 AEgypto,
1712 895 1840 951 quas

443 959 575 1007 Deus
600 962 825 1009 omnibus
848 962 1032 1010 Judaeis
1054 979 1143 1025 pro
1179 963 1308 1010 notis
1331 963 1434 1010 veri
1458 963 1710 1025 prophetae
1743 963 1832 1011 ha-

443 1035 628 1083 bendas
662 1037 933 1099 proposuit.
1005 1038 1095 1086 Cui
1129 1038 1365 1086 alterutra
1400 1039 1575 1086 harum
1606 1038 1757 1098 deest,
1788 1038 1837 1087 is

442 1111 684 1173 propheta
705 1128 848 1160 verus
870 1128 971 1160 non
1002 1120 1090 1168 est,
1115 1129 1205 1161 nec
1238 1129 1328 1176 pro
1351 1114 1500 1161 verbo
1525 1114 1617 1161 Dei
1647 1115 1831 1162 haben-

445 1186 561 1233 dum
601 1193 676 1234 est
712 1188 846 1250 quod
879 1204 969 1250 pro
1007 1188 1095 1235 tali
1134 1189 1374 1236 obtendit.
1445 1188 1497 1236 Si
1533 1189 1658 1237 desit
1691 1189 1831 1249 fides,

444 1262 737 1324 reprobatur
781 1263 858 1310 his
903 1264 1065 1311 verbis
1106 1264 1271 1324 (Deut.
1309 1264 1409 1312 xiii.
1458 1271 1501 1323 l,
1525 1271 1571 1321 2,
1596 1272 1643 1323 3,
1675 1271 1723 1324 4,
1743 1266 1829 1328 5):

444 1336 502 1383 Si
523 1337 808 1384 surrexerit
832 1338 882 1384 in
905 1339 1064 1385 medio
1098 1340 1171 1386 tui
1185 1340 1458 1403 propheta,
1484 1346 1573 1387 aut
1596 1340 1682 1404 qui
1704 1356 1831 1387 som-

442 1411 574 1458 nium
597 1412 784 1459 vidisse
806 1429 860 1459 se
884 1413 1038 1471 dieat,
1064 1420 1114 1460 et
1128 1415 1434 1478 praedixerit
1460 1415 1656 1479 signum
1680 1422 1831 1479 atque

434 1492 739 1549 portentum,
773 1493 823 1534 et
857 1487 1075 1534 evenerit
1110 1488 1244 1551 quod
1271 1488 1501 1552 loquutus
1531 1496 1621 1547 est,
1647 1496 1697 1536 et
1722 1489 1832 1536 dim-

442 1562 544 1608 erit
579 1561 703 1609 tihi:
739 1579 921 1621 eamus,
947 1569 997 1610 et
1030 1579 1293 1626 sequamur
1327 1563 1463 1610 Deos
1491 1563 1696 1619 alienos,
1735 1571 1830 1612 ete.

442 1636 703 1700 Propheta
735 1637 823 1685 ille
857 1645 946 1685 aut
964 1638 1128 1700 fictor
1161 1638 1454 1685 somniorum
1485 1636 1830 1700 interficietur.

445 1712 496 1759 Si
530 1712 784 1774 praedictio
820 1720 1083 1760 eventuum
1119 1713 1257 1772 desit,
1300 1713 1520 1776 rejicitur
1562 1714 1638 1761 his
1669 1715 1831 1762 verbis

446 1788 612 1848 (Deut.
659 1788 792 1835 xviii.
841 1794 922 1846 21,
970 1788 1056 1851 22)
1084 1807 1094 1835 :
1159 1789 1305 1844 Quod
1335 1788 1381 1835 si
1429 1789 1589 1836 tacita
1633 1790 1830 1854 eogita-

442 1863 575 1910 tione
620 1864 958 1927 responderis,
1000 1864 1237 1928 quomodo
1274 1880 1480 1928 possum
1525 1864 1829 1929 intelligere,

442 1938 578 2001 quod
625 1938 822 1985 verbum
873 1939 1113 1986 Dominus
1152 1956 1246 1986 non
1292 1946 1369 1986 est
1409 1939 1639 2003 loquutus
1658 1944 1686 1988 ,9
1739 1941 1839 1988 hoe.

441 2013 647 2060 habebis
665 2015 861 2078 signum
879 2033 897 2061 .·
933 2015 1070 2078 quod
1085 2015 1136 2062 in
1149 2015 1337 2062 nomine
1356 2014 1556 2062 Domini
1570 2016 1830 2079 propheta

440 2087 529 2134 ille
543 2089 864 2151 proeclioeerit,
889 2096 939 2136 et
973 2106 1066 2136 non
1101 2090 1334 2148 evenerit,
1360 2090 1450 2140 hoe
1473 2090 1711 2137 Dominus
1734 2108 1831 2139 non

440 2171 517 2210 est
536 2164 782 2228 loquutus,
806 2165 901 2212 secl
920 2181 1023 2229 per
1047 2172 1280 2212 tumorem
1308 2165 1458 2212 animi
1480 2165 1558 2212 sui
1571 2166 1829 2229 propheta

441 2240 691 2300 confinxit.
760 2241 789 2287 J
793 2257 872 2287 am
896 2241 1028 2303 quod
1058 2240 1254 2287 verbum
1285 2240 1386 2287 Dei
1410 2240 1472 2287 sit
1495 2240 1561 2298 id,
1586 2240 1719 2302 quod
1740 2256 1832 2303 per

439 2331 610 2361 verum
634 2315 924 2378 prophetam
946 2332 1036 2378 pro
1072 2316 1159 2362 tali
1186 2316 1491 2373 enunciatur,
1517 2322 1566 2361 et
1591 2315 1723 2377 quod
1745 2332 1824 2363 ve-

440 2405 522 2436 rus
555 2391 798 2452 propheta
831 2391 962 2454 apud
995 2391 1193 2438 Judaeos
1215 2391 1379 2448 fuerit,
1414 2391 1550 2453 cujus
1572 2390 1691 2437 fides
1713 2406 1830 2438 vera

441 2472 561 2523 erat,
583 2473 633 2512 et
653 2467 790 2528 cujus
803 2466 1203 2529 praedictionibus
1228 2473 1427 2513 eventus
1452 2465 1828 2529 respondebant,

442 2547 580 2587 extra
613 2541 997 2588 controversiam
1033 2549 1119 2588 est.
1193 2541 1289 2588 Sed
1314 2541 1432 2604 quid
1455 2541 1515 2588 sit
1540 2541 1676 2603 sequi
1699 2541 1831 2589 Deos

441 2616 640 2674 alienos,
675 2624 724 2663 et
752 2624 919 2663 utrum
953 2626 1171 2674 eventus,
1213 2616 1295 2678 qui
1328 2615 1721 2678 praedictionibus
1751 2631 1833 2663 re-

439 2691 678 2752 spondere
713 2692 1033 2749 affirmantur,
1055 2692 1123 2738 eis
1148 2707 1262 2739 vere
1297 2690 1624 2753 respondeant
1650 2706 1827 2749 necne,

438 2766 614 2813 multas
639 2766 992 2814 controversias
1013 2766 1117 2829 pati
1135 2772 1314 2828 potest,
1333 2764 1605 2827 praesertim
1623 2765 1675 2812 in
1698 2781 1828 2828 prae-

439 2840 731 2890 dictionibus
750 2857 858 2903 quae
878 2841 1083 2889 obscure
1101 2848 1247 2903 atque
1266 2839 1569 2903 aenigmatice
1594 2848 1828 2893 eventum

1925 0 1934 35 ζ
2014 0 2020 33 1

1931 0 2020 92 Q
