<?xml version="1.0" encoding="UTF-8"?>
<!DOCTYPE html PUBLIC "-//W3C//DTD XHTML 1.0 Transitional//EN"
    "http://www.w3.org/TR/xhtml1/DTD/xhtml1-transitional.dtd">
<html xmlns="http://www.w3.org/1999/xhtml" xml:lang="en" lang="en">
 <head>
  <title>
</title>
<meta http-equiv="Content-Type" content="text/html;charset=utf-8" />
  <meta name='ocr-system' content='tesseract 3.04.00' />
  <meta name='ocr-capabilities' content='ocr_page ocr_carea ocr_par ocr_line ocrx_word'/>
</head>
<body>
  <div class='ocr_page' id='page_1' title='image "./operaphilosophic02hobbuoft_0392.png"; bbox 0 0 2020 3262; ppageno 0'>
   <div class='ocr_carea' id='block_1_1' title="bbox 251 389 466 422">
    <p class='ocr_par' dir='ltr' id='par_1_1' title="bbox 251 389 466 422">
     <span class='ocr_line' id='line_1_1' title="bbox 251 389 466 422; baseline 0 0"><span class='ocrx_word' id='word_1_1' title='bbox 251 389 378 422; x_wconf 87' lang='lat' dir='ltr'>SECT.</span> <span class='ocrx_word' id='word_1_2' title='bbox 399 390 466 422; x_wconf 89' lang='lat'>111.</span> 
     </span>
    </p>
   </div>
   <div class='ocr_carea' id='block_1_2' title="bbox 338 441 385 472">
    <p class='ocr_par' dir='ltr' id='par_1_2' title="bbox 338 441 385 472">
     <span class='ocr_line' id='line_1_2' title="bbox 338 441 385 472; baseline 0 -1"><span class='ocrx_word' id='word_1_3' title='bbox 338 441 385 472; x_wconf 88' lang='grc'>17.</span> 
     </span>
    </p>
   </div>
   <div class='ocr_carea' id='block_1_3' title="bbox 228 533 440 572">
    <p class='ocr_par' dir='ltr' id='par_1_3' title="bbox 228 533 440 572">
     <span class='ocr_line' id='line_1_3' title="bbox 228 533 440 572; baseline 0.009 -11"><span class='ocrx_word' id='word_1_4' title='bbox 228 533 366 572; x_wconf 79' lang='lat' dir='ltr'>Regnum</span> <span class='ocrx_word' id='word_1_5' title='bbox 381 535 440 563; x_wconf 79' lang='lat' dir='ltr'>Dei</span> 
     </span>
    </p>
   </div>
   <div class='ocr_carea' id='block_1_4' title="bbox 227 581 476 742">
    <p class='ocr_par' dir='ltr' id='par_1_4' title="bbox 227 581 476 742">
     <span class='ocr_line' id='line_1_4' title="bbox 227 581 409 615; baseline 0 -10"><span class='ocrx_word' id='word_1_6' title='bbox 227 587 279 615; x_wconf 80' lang='lat' dir='ltr'>per</span> <span class='ocrx_word' id='word_1_7' title='bbox 291 581 409 615; x_wconf 78' lang='lat' dir='ltr'>pactum</span> 
     </span>
     <span class='ocr_line' id='line_1_5' title="bbox 227 621 467 649; baseline 0.004 -1"><span class='ocrx_word' id='word_1_8' title='bbox 227 630 336 648; x_wconf 87' lang='lat' dir='ltr'>novum</span> <span class='ocrx_word' id='word_1_9' title='bbox 350 621 467 649; x_wconf 66' lang='lat' dir='ltr'>coeleste</span> 
     </span>
     <span class='ocr_line' id='line_1_6' title="bbox 227 664 476 701; baseline 0.008 -10"><span class='ocrx_word' id='word_1_10' title='bbox 227 673 297 698; x_wconf 78' lang='lat' dir='ltr'>esse,</span> <span class='ocrx_word' id='word_1_11' title='bbox 310 667 338 692; x_wconf 85' lang='lat' dir='ltr'>et</span> <span class='ocrx_word' id='word_1_12' title='bbox 350 664 476 701; x_wconf 77' lang='lat' dir='ltr'><strong>incipere</strong></span> 
     </span>
     <span class='ocr_line' id='line_1_7' title="bbox 228 707 430 742; baseline 0.005 -7"><span class='ocrx_word' id='word_1_13' title='bbox 228 716 246 735; x_wconf 79' lang='lat' dir='ltr'><strong>a</strong></span> <span class='ocrx_word' id='word_1_14' title='bbox 259 707 305 735; x_wconf 72' lang='lat' dir='ltr'>«lie</span> <span class='ocrx_word' id='word_1_15' title='bbox 313 707 430 742; x_wconf 77' lang='lat' dir='ltr'>judicii.</span> 
     </span>
    </p>
   </div>
   <div class='ocr_carea' id='block_1_5' title="bbox 512 243 1325 295">
    <p class='ocr_par' dir='ltr' id='par_1_5' title="bbox 512 243 1325 295">
     <span class='ocr_line' id='line_1_8' title="bbox 512 243 1325 295; baseline 0.005 -6"><span class='ocrx_word' id='word_1_16' title='bbox 512 243 608 295; x_wconf 87' lang='lat'>378</span> <span class='ocrx_word' id='word_1_17' title='bbox 1079 259 1325 292; x_wconf 83' lang='lat' dir='ltr'>RELIGIO.</span> 
     </span>
    </p>
   </div>
   <div class='ocr_carea' id='block_1_6' title="bbox 501 368 1893 2384">
    <p class='ocr_par' dir='ltr' id='par_1_6' title="bbox 501 368 1893 2384">
     <span class='ocr_line' id='line_1_9' title="bbox 508 368 1890 431; baseline 0.004 -16"><span class='ocrx_word' id='word_1_18' title='bbox 508 368 738 415; x_wconf 86' lang='lat' dir='ltr'>tabantur</span> <span class='ocrx_word' id='word_1_19' title='bbox 768 375 943 431; x_wconf 81' lang='lat' dir='ltr'>putare</span> <span class='ocrx_word' id='word_1_20' title='bbox 970 384 1021 417; x_wconf 87' lang='lat' dir='ltr'>Se</span> <span class='ocrx_word' id='word_1_21' title='bbox 1048 375 1183 429; x_wconf 82' lang='lat' dir='ltr'>tunc,</span> <span class='ocrx_word' id='word_1_22' title='bbox 1215 386 1328 417; x_wconf 89' lang='lat' dir='ltr'>cum</span> <span class='ocrx_word' id='word_1_23' title='bbox 1353 369 1632 418; x_wconf 80' lang='lat' dir='ltr'>CHRISTUS</span> <span class='ocrx_word' id='word_1_24' title='bbox 1659 372 1890 421; x_wconf 83' lang='lat' dir='ltr'>ascende-</span> 
     </span>
     <span class='ocr_line' id='line_1_10' title="bbox 507 444 1892 507; baseline 0.004 -17"><span class='ocrx_word' id='word_1_25' title='bbox 507 451 600 502; x_wconf 79' lang='lat' dir='ltr'>ret,</span> <span class='ocrx_word' id='word_1_26' title='bbox 625 459 830 507; x_wconf 88' lang='lat' dir='ltr'>regnum</span> <span class='ocrx_word' id='word_1_27' title='bbox 854 444 945 492; x_wconf 91' lang='lat' dir='ltr'>Dei</span> <span class='ocrx_word' id='word_1_28' title='bbox 968 445 1187 492; x_wconf 91' lang='lat' dir='ltr'>nondum</span> <span class='ocrx_word' id='word_1_29' title='bbox 1210 445 1480 492; x_wconf 87' lang='lat' dir='ltr'>advenisse.</span> <span class='ocrx_word' id='word_1_30' title='bbox 1551 446 1716 505; x_wconf 87' lang='lat' dir='ltr'>Porro,</span> <span class='ocrx_word' id='word_1_31' title='bbox 1740 446 1892 496; x_wconf 84' lang='lat' dir='ltr'>verba</span> 
     </span>
     <span class='ocr_line' id='line_1_11' title="bbox 508 519 1892 584; baseline 0.003 -18"><span class='ocrx_word' id='word_1_32' title='bbox 508 519 738 566; x_wconf 79' lang='lat' dir='ltr'>CHRISTI</span> <span class='ocrx_word' id='word_1_33' title='bbox 757 519 887 579; x_wconf 84' lang='lat' dir='ltr'>(Joh.</span> <span class='ocrx_word' id='word_1_34' title='bbox 901 520 1033 567; x_wconf 88' lang='lat' dir='ltr'>xviii.</span> <span class='ocrx_word' id='word_1_35' title='bbox 1052 520 1135 582; x_wconf 89' lang='lat'>36)</span> <span class='ocrx_word' id='word_1_36' title='bbox 1156 539 1165 567; x_wconf 92' lang='lat'>:</span> <span class='ocrx_word' id='word_1_37' title='bbox 1209 536 1303 567; x_wconf 77' lang='lat' dir='ltr'>non</span> <span class='ocrx_word' id='word_1_38' title='bbox 1327 526 1404 566; x_wconf 80' lang='lat' dir='ltr'>est</span> <span class='ocrx_word' id='word_1_39' title='bbox 1426 535 1633 584; x_wconf 78' lang='lat' dir='ltr'>regnum</span> <span class='ocrx_word' id='word_1_40' title='bbox 1651 537 1804 568; x_wconf 83' lang='lat' dir='ltr'>meum</span> <span class='ocrx_word' id='word_1_41' title='bbox 1827 521 1892 570; x_wconf 84' lang='lat' dir='ltr'>de</span> 
     </span>
     <span class='ocr_line' id='line_1_12' title="bbox 507 593 1889 656; baseline 0.004 -16"><span class='ocrx_word' id='word_1_42' title='bbox 507 593 599 641; x_wconf 77' lang='lat' dir='ltr'>hoc</span> <span class='ocrx_word' id='word_1_43' title='bbox 638 593 849 641; x_wconf 66' lang='lat' dir='ltr'>mundo:</span> <span class='ocrx_word' id='word_1_44' title='bbox 890 601 940 641; x_wconf 91' lang='lat' dir='ltr'>et</span> <span class='ocrx_word' id='word_1_45' title='bbox 968 594 1107 655; x_wconf 88' lang='lat' dir='ltr'>(Luc.</span> <span class='ocrx_word' id='word_1_46' title='bbox 1132 594 1248 641; x_wconf 85' lang='lat' dir='ltr'>xxii.</span> <span class='ocrx_word' id='word_1_47' title='bbox 1292 595 1408 656; x_wconf 87' lang='lat'>18):</span> <span class='ocrx_word' id='word_1_48' title='bbox 1459 611 1554 642; x_wconf 78' lang='lat' dir='ltr'>non</span> <span class='ocrx_word' id='word_1_49' title='bbox 1590 595 1752 643; x_wconf 85' lang='lat' dir='ltr'>bibam</span> <span class='ocrx_word' id='word_1_50' title='bbox 1795 603 1889 646; x_wconf 82' lang='lat' dir='ltr'>eto.</span> 
     </span>
     <span class='ocr_line' id='line_1_13' title="bbox 508 668 1891 733; baseline 0.002 -17"><span class='ocrx_word' id='word_1_51' title='bbox 508 669 661 716; x_wconf 80' lang='lat' dir='ltr'>donee</span> <span class='ocrx_word' id='word_1_52' title='bbox 696 684 906 733; x_wconf 78' lang='lat' dir='ltr'>regnum</span> <span class='ocrx_word' id='word_1_53' title='bbox 929 668 1029 716; x_wconf 82' lang='lat' dir='ltr'>Dei</span> <span class='ocrx_word' id='word_1_54' title='bbox 1064 669 1260 716; x_wconf 78' lang='lat' dir='ltr'>veniat:</span> <span class='ocrx_word' id='word_1_55' title='bbox 1303 676 1352 716; x_wconf 88' lang='lat' dir='ltr'>et</span> <span class='ocrx_word' id='word_1_56' title='bbox 1386 668 1514 728; x_wconf 89' lang='lat' dir='ltr'>(Joh.</span> <span class='ocrx_word' id='word_1_57' title='bbox 1539 669 1607 717; x_wconf 91' lang='lat' dir='ltr'>iii.</span> <span class='ocrx_word' id='word_1_58' title='bbox 1638 671 1743 732; x_wconf 89' lang='lat'>17):</span> <span class='ocrx_word' id='word_1_59' title='bbox 1795 687 1891 719; x_wconf 74' lang='lat' dir='ltr'>non</span> 
     </span>
     <span class='ocr_line' id='line_1_14' title="bbox 505 743 1892 808; baseline 0.004 -18"><span class='ocrx_word' id='word_1_60' title='bbox 505 743 640 791; x_wconf 85' lang='lat' dir='ltr'>misit</span> <span class='ocrx_word' id='word_1_61' title='bbox 662 743 800 791; x_wconf 81' lang='lat' dir='ltr'><em>Deus</em></span> <span class='ocrx_word' id='word_1_62' title='bbox 809 743 979 806; x_wconf 81' lang='lat' dir='ltr'><em>filium</em></span> <span class='ocrx_word' id='word_1_63' title='bbox 1002 760 1138 791; x_wconf 80' lang='lat' dir='ltr'>suum</span> <span class='ocrx_word' id='word_1_64' title='bbox 1157 744 1207 790; x_wconf 80' lang='lat' dir='ltr'>in</span> <span class='ocrx_word' id='word_1_65' title='bbox 1225 744 1352 791; x_wconf 77' lang='lat' dir='ltr'>huno</span> <span class='ocrx_word' id='word_1_66' title='bbox 1366 744 1605 804; x_wconf 81' lang='lat' dir='ltr'>mundum,</span> <span class='ocrx_word' id='word_1_67' title='bbox 1624 752 1678 793; x_wconf 80' lang='lat' dir='ltr'>ut</span> <span class='ocrx_word' id='word_1_68' title='bbox 1689 745 1892 808; x_wconf 77' lang='lat' dir='ltr'>judicet</span> 
     </span>
     <span class='ocr_line' id='line_1_15' title="bbox 505 819 1890 884; baseline 0.003 -19"><span class='ocrx_word' id='word_1_69' title='bbox 505 819 850 878; x_wconf 78' lang='lat' dir='ltr'>mundum,sed</span> <span class='ocrx_word' id='word_1_70' title='bbox 861 825 915 866; x_wconf 79' lang='lat' dir='ltr'>ut</span> <span class='ocrx_word' id='word_1_71' title='bbox 929 819 1152 866; x_wconf 79' lang='lat' dir='ltr'>salvetur</span> <span class='ocrx_word' id='word_1_72' title='bbox 1166 819 1370 867; x_wconf 80' lang='lat' dir='ltr'>mundus</span> <span class='ocrx_word' id='word_1_73' title='bbox 1376 835 1478 884; x_wconf 78' lang='lat' dir='ltr'>per</span> <span class='ocrx_word' id='word_1_74' title='bbox 1494 819 1632 867; x_wconf 82' lang='lat' dir='ltr'><em>illum</em></span> <span class='ocrx_word' id='word_1_75' title='bbox 1647 839 1664 868; x_wconf 90' lang='lat'><em>:</em></span> <span class='ocrx_word' id='word_1_76' title='bbox 1700 827 1748 869; x_wconf 88' lang='lat' dir='ltr'>et</span> <span class='ocrx_word' id='word_1_77' title='bbox 1761 820 1807 882; x_wconf 87' lang='lat' dir='ltr'>(J</span> <span class='ocrx_word' id='word_1_78' title='bbox 1809 821 1890 869; x_wconf 88' lang='lat' dir='ltr'>oh.</span> 
     </span>
     <span class='ocr_line' id='line_1_16' title="bbox 504 892 1891 958; baseline 0.003 -18"><span class='ocrx_word' id='word_1_79' title='bbox 504 892 587 940; x_wconf 89' lang='lat' dir='ltr'>xii.</span> <span class='ocrx_word' id='word_1_80' title='bbox 612 896 723 955; x_wconf 88' lang='lat'>47):</span> <span class='ocrx_word' id='word_1_81' title='bbox 765 893 811 940; x_wconf 92' lang='lat' dir='ltr'>si</span> <span class='ocrx_word' id='word_1_82' title='bbox 834 893 945 958; x_wconf 81' lang='lat' dir='ltr'><em>quis</em></span> <span class='ocrx_word' id='word_1_83' title='bbox 971 894 1194 941; x_wconf 78' lang='lat' dir='ltr'>audierit</span> <span class='ocrx_word' id='word_1_84' title='bbox 1215 894 1368 941; x_wconf 78' lang='lat' dir='ltr'>verba</span> <span class='ocrx_word' id='word_1_85' title='bbox 1392 911 1514 953; x_wconf 82' lang='lat' dir='ltr'>mea,</span> <span class='ocrx_word' id='word_1_86' title='bbox 1539 901 1589 942; x_wconf 83' lang='lat' dir='ltr'>et</span> <span class='ocrx_word' id='word_1_87' title='bbox 1610 911 1705 943; x_wconf 76' lang='lat' dir='ltr'>non</span> <span class='ocrx_word' id='word_1_88' title='bbox 1729 902 1891 944; x_wconf 80' lang='lat' dir='ltr'>custo-</span> 
     </span>
     <span class='ocr_line' id='line_1_17' title="bbox 506 967 1891 1034; baseline 0.003 -19"><span class='ocrx_word' id='word_1_89' title='bbox 506 967 675 1027; x_wconf 78' lang='lat' dir='ltr'>dierit,</span> <span class='ocrx_word' id='word_1_90' title='bbox 701 984 795 1033; x_wconf 83' lang='lat' dir='ltr'>ego</span> <span class='ocrx_word' id='word_1_91' title='bbox 813 985 907 1016; x_wconf 79' lang='lat' dir='ltr'>non</span> <span class='ocrx_word' id='word_1_92' title='bbox 918 969 1096 1031; x_wconf 79' lang='lat' dir='ltr'>judico</span> <span class='ocrx_word' id='word_1_93' title='bbox 1115 986 1221 1016; x_wconf 79' lang='lat' dir='ltr'>eum</span> <span class='ocrx_word' id='word_1_94' title='bbox 1235 987 1255 1024; x_wconf 91' lang='lat'><em>;</em></span> <span class='ocrx_word' id='word_1_95' title='bbox 1287 986 1381 1016; x_wconf 80' lang='lat' dir='ltr'>non</span> <span class='ocrx_word' id='word_1_96' title='bbox 1400 969 1524 1016; x_wconf 80' lang='lat' dir='ltr'>enim</span> <span class='ocrx_word' id='word_1_97' title='bbox 1543 970 1666 1027; x_wconf 80' lang='lat' dir='ltr'>veni,</span> <span class='ocrx_word' id='word_1_98' title='bbox 1683 970 1891 1034; x_wconf 70' lang='lat' dir='ltr'>utjicdi-</span> 
     </span>
     <span class='ocr_line' id='line_1_18' title="bbox 506 1044 1890 1107; baseline 0.003 -17"><span class='ocrx_word' id='word_1_99' title='bbox 506 1059 608 1090; x_wconf 79' lang='lat' dir='ltr'>cem</span> <span class='ocrx_word' id='word_1_100' title='bbox 622 1044 862 1104; x_wconf 81' lang='lat' dir='ltr'>mundum,</span> <span class='ocrx_word' id='word_1_101' title='bbox 886 1044 981 1092; x_wconf 82' lang='lat' dir='ltr'>sed</span> <span class='ocrx_word' id='word_1_102' title='bbox 993 1044 1262 1107; x_wconf 71' lang='lat' dir='ltr'>salvificem</span> <span class='ocrx_word' id='word_1_103' title='bbox 1285 1045 1509 1092; x_wconf 77' lang='lat' dir='ltr'>mundum</span> <span class='ocrx_word' id='word_1_104' title='bbox 1524 1063 1541 1092; x_wconf 89' lang='grc'>.·</span> <span class='ocrx_word' id='word_1_105' title='bbox 1577 1051 1627 1092; x_wconf 88' lang='lat' dir='ltr'>et</span> <span class='ocrx_word' id='word_1_106' title='bbox 1648 1044 1783 1098; x_wconf 86' lang='lat' dir='ltr'>(Luc.</span> <span class='ocrx_word' id='word_1_107' title='bbox 1804 1045 1890 1094; x_wconf 87' lang='lat' dir='ltr'>xii.</span> 
     </span>
     <span class='ocr_line' id='line_1_19' title="bbox 511 1118 1892 1183; baseline 0.002 -18"><span class='ocrx_word' id='word_1_108' title='bbox 511 1118 610 1180; x_wconf 87' lang='lat'>14):</span> <span class='ocrx_word' id='word_1_109' title='bbox 649 1119 786 1166; x_wconf 78' lang='lat' dir='ltr'>homo</span> <span class='ocrx_word' id='word_1_110' title='bbox 802 1119 913 1183; x_wconf 80' lang='lat' dir='ltr'>quis</span> <span class='ocrx_word' id='word_1_111' title='bbox 928 1137 1002 1167; x_wconf 85' lang='lat' dir='ltr'>me</span> <span class='ocrx_word' id='word_1_112' title='bbox 1020 1119 1277 1167; x_wconf 78' lang='lat' dir='ltr'><em>constituit</em></span> <span class='ocrx_word' id='word_1_113' title='bbox 1285 1120 1509 1182; x_wconf 79' lang='lat' dir='ltr'>judicem</span> <span class='ocrx_word' id='word_1_114' title='bbox 1524 1127 1612 1168; x_wconf 81' lang='lat' dir='ltr'>aut</span> <span class='ocrx_word' id='word_1_115' title='bbox 1627 1120 1892 1168; x_wconf 75' lang='lat' dir='ltr'><em>divisorem</em></span> 
     </span>
     <span class='ocr_line' id='line_1_20' title="bbox 504 1194 1891 1259; baseline 0.003 -20"><span class='ocrx_word' id='word_1_116' title='bbox 504 1209 658 1257; x_wconf 78' lang='lat' dir='ltr'>super</span> <span class='ocrx_word' id='word_1_117' title='bbox 681 1209 765 1241; x_wconf 81' lang='lat' dir='ltr'>vos</span> <span class='ocrx_word' id='word_1_118' title='bbox 782 1197 810 1241; x_wconf 75' lang='grc'>,9</span> <span class='ocrx_word' id='word_1_119' title='bbox 851 1201 900 1241; x_wconf 90' lang='lat' dir='ltr'>et</span> <span class='ocrx_word' id='word_1_120' title='bbox 934 1194 1041 1257; x_wconf 87' lang='lat' dir='ltr'>ipsa</span> <span class='ocrx_word' id='word_1_121' title='bbox 1063 1194 1324 1257; x_wconf 84' lang='lat' dir='ltr'>appellatio</span> <span class='ocrx_word' id='word_1_122' title='bbox 1348 1195 1496 1259; x_wconf 78' lang='lat' dir='ltr'>regni</span> <span class='ocrx_word' id='word_1_123' title='bbox 1520 1195 1738 1243; x_wconf 74' lang='lat' dir='ltr'>eoelestis</span> <span class='ocrx_word' id='word_1_124' title='bbox 1759 1195 1891 1243; x_wconf 88' lang='lat' dir='ltr'>idem</span> 
     </span>
     <span class='ocr_line' id='line_1_21' title="bbox 503 1269 1893 1334; baseline 0.003 -20"><span class='ocrx_word' id='word_1_125' title='bbox 503 1274 729 1316; x_wconf 88' lang='lat' dir='ltr'>testatur.</span> <span class='ocrx_word' id='word_1_126' title='bbox 778 1269 915 1316; x_wconf 87' lang='lat' dir='ltr'>Idem</span> <span class='ocrx_word' id='word_1_127' title='bbox 947 1270 1194 1333; x_wconf 83' lang='lat' dir='ltr'>colligitur</span> <span class='ocrx_word' id='word_1_128' title='bbox 1218 1287 1277 1318; x_wconf 88' lang='lat' dir='ltr'>ex</span> <span class='ocrx_word' id='word_1_129' title='bbox 1301 1271 1461 1318; x_wconf 90' lang='lat' dir='ltr'>verbis</span> <span class='ocrx_word' id='word_1_130' title='bbox 1484 1271 1735 1334; x_wconf 87' lang='lat' dir='ltr'>prophetae</span> <span class='ocrx_word' id='word_1_131' title='bbox 1756 1272 1893 1320; x_wconf 88' lang='lat' dir='ltr'>Jere-</span> 
     </span>
     <span class='ocr_line' id='line_1_22' title="bbox 504 1342 1891 1411; baseline 0.004 -22"><span class='ocrx_word' id='word_1_132' title='bbox 504 1342 616 1390; x_wconf 88' lang='lat' dir='ltr'>miae</span> <span class='ocrx_word' id='word_1_133' title='bbox 633 1342 791 1403; x_wconf 81' lang='lat' dir='ltr'>(xxxi.</span> <span class='ocrx_word' id='word_1_134' title='bbox 819 1343 902 1405; x_wconf 91' lang='lat'>34)</span> <span class='ocrx_word' id='word_1_135' title='bbox 929 1344 1170 1406; x_wconf 88' lang='lat' dir='ltr'>loquentis</span> <span class='ocrx_word' id='word_1_136' title='bbox 1194 1345 1254 1392; x_wconf 87' lang='lat' dir='ltr'>de</span> <span class='ocrx_word' id='word_1_137' title='bbox 1276 1361 1435 1410; x_wconf 80' lang='lat' dir='ltr'>regno</span> <span class='ocrx_word' id='word_1_138' title='bbox 1457 1345 1558 1393; x_wconf 84' lang='lat' dir='ltr'>Dei</span> <span class='ocrx_word' id='word_1_139' title='bbox 1580 1362 1668 1409; x_wconf 88' lang='lat' dir='ltr'>per</span> <span class='ocrx_word' id='word_1_140' title='bbox 1680 1353 1891 1411; x_wconf 77' lang='lat' dir='ltr'>pactum</span> 
     </span>
     <span class='ocr_line' id='line_1_23' title="bbox 504 1417 1888 1484; baseline 0.004 -21"><span class='ocrx_word' id='word_1_141' title='bbox 504 1433 703 1464; x_wconf 79' lang='lat' dir='ltr'>novum:</span> <span class='ocrx_word' id='word_1_142' title='bbox 773 1417 888 1465; x_wconf 83' lang='lat' dir='ltr'>Non</span> <span class='ocrx_word' id='word_1_143' title='bbox 926 1418 1122 1466; x_wconf 80' lang='lat' dir='ltr'><em>docebit</em></span> <span class='ocrx_word' id='word_1_144' title='bbox 1144 1419 1220 1465; x_wconf 79' lang='lat' dir='ltr'>vir</span> <span class='ocrx_word' id='word_1_145' title='bbox 1254 1419 1393 1467; x_wconf 80' lang='lat' dir='ltr'><em>ultra</em></span> <span class='ocrx_word' id='word_1_146' title='bbox 1423 1420 1706 1484; x_wconf 78' lang='lat' dir='ltr'>proximum</span> <span class='ocrx_word' id='word_1_147' title='bbox 1735 1437 1888 1480; x_wconf 80' lang='lat' dir='ltr'><em>suum,</em></span> 
     </span>
     <span class='ocr_line' id='line_1_24' title="bbox 503 1491 1888 1558; baseline 0.004 -20"><span class='ocrx_word' id='word_1_148' title='bbox 503 1497 553 1538; x_wconf 76' lang='lat' dir='ltr'>et</span> <span class='ocrx_word' id='word_1_149' title='bbox 586 1491 664 1538; x_wconf 81' lang='lat' dir='ltr'>vir</span> <span class='ocrx_word' id='word_1_150' title='bbox 679 1492 914 1555; x_wconf 82' lang='lat' dir='ltr'>fratrem</span> <span class='ocrx_word' id='word_1_151' title='bbox 950 1509 1101 1552; x_wconf 79' lang='lat' dir='ltr'>suum,</span> <span class='ocrx_word' id='word_1_152' title='bbox 1128 1493 1312 1552; x_wconf 77' lang='lat' dir='ltr'>dicens,</span> <span class='ocrx_word' id='word_1_153' title='bbox 1335 1510 1577 1558; x_wconf 74' lang='lat' dir='ltr'><em>cognosce</em></span> <span class='ocrx_word' id='word_1_154' title='bbox 1597 1495 1888 1552; x_wconf 80' lang='lat' dir='ltr'>Dominum3</span> 
     </span>
     <span class='ocr_line' id='line_1_25' title="bbox 503 1567 1890 1635; baseline 0.005 -23"><span class='ocrx_word' id='word_1_155' title='bbox 503 1582 667 1614; x_wconf 82' lang='lat' dir='ltr'>omnes</span> <span class='ocrx_word' id='word_1_156' title='bbox 690 1567 817 1614; x_wconf 82' lang='lat' dir='ltr'>enim</span> <span class='ocrx_word' id='word_1_157' title='bbox 841 1575 1140 1632; x_wconf 77' lang='lat' dir='ltr'>cognoscent</span> <span class='ocrx_word' id='word_1_158' title='bbox 1163 1585 1236 1615; x_wconf 81' lang='lat' dir='ltr'>me</span> <span class='ocrx_word' id='word_1_159' title='bbox 1267 1585 1299 1615; x_wconf 87' lang='lat' dir='ltr'><strong><em>a</em></strong></span> <span class='ocrx_word' id='word_1_160' title='bbox 1329 1569 1521 1616; x_wconf 81' lang='lat' dir='ltr'>minimo</span> <span class='ocrx_word' id='word_1_161' title='bbox 1546 1585 1712 1618; x_wconf 82' lang='lat' dir='ltr'>eorum</span> <span class='ocrx_word' id='word_1_162' title='bbox 1735 1587 1890 1635; x_wconf 80' lang='lat' dir='ltr'>usque</span> 
     </span>
     <span class='ocr_line' id='line_1_26' title="bbox 503 1642 1890 1709; baseline 0.004 -21"><span class='ocrx_word' id='word_1_163' title='bbox 503 1642 578 1688; x_wconf 81' lang='lat' dir='ltr'>ad</span> <span class='ocrx_word' id='word_1_164' title='bbox 610 1642 884 1702; x_wconf 75' lang='lat' dir='ltr'>maximum,</span> <span class='ocrx_word' id='word_1_165' title='bbox 924 1643 999 1690; x_wconf 76' lang='lat' dir='ltr'>ait</span> <span class='ocrx_word' id='word_1_166' title='bbox 1039 1643 1278 1691; x_wconf 76' lang='lat' dir='ltr'><em>Dominus</em></span> <span class='ocrx_word' id='word_1_167' title='bbox 1297 1662 1314 1691; x_wconf 91' lang='lat'>.·</span> <span class='ocrx_word' id='word_1_168' title='bbox 1370 1643 1422 1691; x_wconf 91' lang='lat' dir='ltr'>id</span> <span class='ocrx_word' id='word_1_169' title='bbox 1468 1645 1598 1707; x_wconf 91' lang='lat' dir='ltr'>quod</span> <span class='ocrx_word' id='word_1_170' title='bbox 1637 1645 1697 1693; x_wconf 90' lang='lat' dir='ltr'>de</span> <span class='ocrx_word' id='word_1_171' title='bbox 1735 1661 1890 1709; x_wconf 90' lang='lat' dir='ltr'>regno</span> 
     </span>
     <span class='ocr_line' id='line_1_27' title="bbox 502 1716 1889 1785; baseline 0.004 -21"><span class='ocrx_word' id='word_1_172' title='bbox 502 1716 646 1779; x_wconf 85' lang='lat' dir='ltr'>hujus</span> <span class='ocrx_word' id='word_1_173' title='bbox 669 1718 840 1765; x_wconf 90' lang='lat' dir='ltr'>mundi</span> <span class='ocrx_word' id='word_1_174' title='bbox 863 1719 1071 1781; x_wconf 83' lang='lat' dir='ltr'>intelligi</span> <span class='ocrx_word' id='word_1_175' title='bbox 1101 1735 1201 1766; x_wconf 90' lang='lat' dir='ltr'>non</span> <span class='ocrx_word' id='word_1_176' title='bbox 1231 1726 1408 1782; x_wconf 88' lang='lat' dir='ltr'>potest.</span> <span class='ocrx_word' id='word_1_177' title='bbox 1479 1720 1704 1783; x_wconf 85' lang='lat' dir='ltr'><strong>Regnum</strong></span> <span class='ocrx_word' id='word_1_178' title='bbox 1736 1721 1889 1785; x_wconf 81' lang='lat' dir='ltr'>igitur</span> 
     </span>
     <span class='ocr_line' id='line_1_28' title="bbox 503 1792 1887 1856; baseline 0.004 -17"><span class='ocrx_word' id='word_1_179' title='bbox 503 1792 611 1851; x_wconf 86' lang='lat' dir='ltr'>Dei,</span> <span class='ocrx_word' id='word_1_180' title='bbox 649 1794 786 1856; x_wconf 88' lang='lat' dir='ltr'>cujus</span> <span class='ocrx_word' id='word_1_181' title='bbox 819 1794 1148 1841; x_wconf 87' lang='lat' dir='ltr'>constituendi</span> <span class='ocrx_word' id='word_1_182' title='bbox 1183 1810 1329 1842; x_wconf 87' lang='lat' dir='ltr'>causa</span> <span class='ocrx_word' id='word_1_183' title='bbox 1360 1795 1639 1844; x_wconf 80' lang='lat' dir='ltr'>CHRISTUS</span> <span class='ocrx_word' id='word_1_184' title='bbox 1674 1795 1727 1844; x_wconf 90' lang='lat' dir='ltr'>in</span> <span class='ocrx_word' id='word_1_185' title='bbox 1756 1795 1887 1844; x_wconf 89' lang='lat' dir='ltr'>hunc</span> 
     </span>
     <span class='ocr_line' id='line_1_29' title="bbox 503 1867 1887 1932; baseline 0.002 -17"><span class='ocrx_word' id='word_1_186' title='bbox 503 1867 742 1915; x_wconf 92' lang='lat' dir='ltr'>mundum</span> <span class='ocrx_word' id='word_1_187' title='bbox 763 1869 927 1924; x_wconf 81' lang='lat' dir='ltr'>venit3</span> <span class='ocrx_word' id='word_1_188' title='bbox 966 1869 1026 1916; x_wconf 92' lang='lat' dir='ltr'>de</span> <span class='ocrx_word' id='word_1_189' title='bbox 1058 1885 1152 1932; x_wconf 91' lang='lat' dir='ltr'>quo</span> <span class='ocrx_word' id='word_1_190' title='bbox 1183 1869 1435 1932; x_wconf 88' lang='lat' dir='ltr'>prophetae</span> <span class='ocrx_word' id='word_1_191' title='bbox 1468 1870 1722 1918; x_wconf 87' lang='lat' dir='ltr'>vaticinati</span> <span class='ocrx_word' id='word_1_192' title='bbox 1745 1878 1887 1927; x_wconf 91' lang='lat' dir='ltr'>sunt;</span> 
     </span>
     <span class='ocr_line' id='line_1_30' title="bbox 504 1942 1890 2010; baseline 0.002 -20"><span class='ocrx_word' id='word_1_193' title='bbox 504 1950 554 1990; x_wconf 89' lang='lat' dir='ltr'>et</span> <span class='ocrx_word' id='word_1_194' title='bbox 574 1942 634 1990; x_wconf 90' lang='lat' dir='ltr'>de</span> <span class='ocrx_word' id='word_1_195' title='bbox 653 1959 751 2005; x_wconf 92' lang='lat' dir='ltr'>quo</span> <span class='ocrx_word' id='word_1_196' title='bbox 772 1950 966 1991; x_wconf 87' lang='lat' dir='ltr'>orantes</span> <span class='ocrx_word' id='word_1_197' title='bbox 992 1943 1211 2002; x_wconf 86' lang='lat' dir='ltr'>dicimus,</span> <span class='ocrx_word' id='word_1_198' title='bbox 1237 1944 1474 1992; x_wconf 75' lang='lat' dir='ltr'>adveniat</span> <span class='ocrx_word' id='word_1_199' title='bbox 1500 1960 1708 2010; x_wconf 79' lang='lat' dir='ltr'>regnum</span> <span class='ocrx_word' id='word_1_200' title='bbox 1725 1951 1857 1993; x_wconf 79' lang='lat' dir='ltr'>tuum</span> <span class='ocrx_word' id='word_1_201' title='bbox 1869 1964 1890 2000; x_wconf 83' lang='lat'>,-</span> 
     </span>
     <span class='ocr_line' id='line_1_31' title="bbox 504 2017 1891 2082; baseline 0.003 -18"><span class='ocrx_word' id='word_1_202' title='bbox 504 2018 545 2065; x_wconf 90' lang='lat' dir='ltr'>si</span> <span class='ocrx_word' id='word_1_203' title='bbox 568 2017 785 2065; x_wconf 89' lang='lat' dir='ltr'>subditos</span> <span class='ocrx_word' id='word_1_204' title='bbox 809 2019 868 2065; x_wconf 88' lang='lat' dir='ltr'>ab</span> <span class='ocrx_word' id='word_1_205' title='bbox 892 2018 1114 2066; x_wconf 84' lang='lat' dir='ltr'>hostibus</span> <span class='ocrx_word' id='word_1_206' title='bbox 1144 2019 1253 2066; x_wconf 92' lang='lat' dir='ltr'>loco</span> <span class='ocrx_word' id='word_1_207' title='bbox 1277 2027 1540 2082; x_wconf 85' lang='lat' dir='ltr'>separatos,</span> <span class='ocrx_word' id='word_1_208' title='bbox 1566 2020 1607 2067; x_wconf 91' lang='lat' dir='ltr'>si</span> <span class='ocrx_word' id='word_1_209' title='bbox 1624 2020 1825 2082; x_wconf 83' lang='lat' dir='ltr'>judicia,</span> <span class='ocrx_word' id='word_1_210' title='bbox 1849 2021 1891 2068; x_wconf 91' lang='lat' dir='ltr'>Si</span> 
     </span>
     <span class='ocr_line' id='line_1_32' title="bbox 502 2093 1888 2157; baseline 0.003 -18"><span class='ocrx_word' id='word_1_211' title='bbox 502 2094 807 2156; x_wconf 85' lang='lat' dir='ltr'>majestatem</span> <span class='ocrx_word' id='word_1_212' title='bbox 830 2094 1009 2141; x_wconf 83' lang='lat' dir='ltr'>habere</span> <span class='ocrx_word' id='word_1_213' title='bbox 1047 2093 1206 2153; x_wconf 78' lang='lat' dir='ltr'>debet,</span> <span class='ocrx_word' id='word_1_214' title='bbox 1231 2101 1378 2156; x_wconf 91' lang='lat' dir='ltr'>prout</span> <span class='ocrx_word' id='word_1_215' title='bbox 1402 2101 1475 2142; x_wconf 89' lang='lat' dir='ltr'>est</span> <span class='ocrx_word' id='word_1_216' title='bbox 1496 2094 1803 2157; x_wconf 82' lang='lat' dir='ltr'>praedictum,</span> <span class='ocrx_word' id='word_1_217' title='bbox 1827 2096 1888 2144; x_wconf 86' lang='lat' dir='ltr'>ab</span> 
     </span>
     <span class='ocr_line' id='line_1_33' title="bbox 504 2168 1889 2232; baseline 0.002 -17"><span class='ocrx_word' id='word_1_218' title='bbox 504 2184 561 2215; x_wconf 92' lang='lat' dir='ltr'>eo</span> <span class='ocrx_word' id='word_1_219' title='bbox 597 2174 818 2232; x_wconf 88' lang='lat' dir='ltr'>tempore</span> <span class='ocrx_word' id='word_1_220' title='bbox 855 2168 1072 2232; x_wconf 86' lang='lat' dir='ltr'>incipiet,</span> <span class='ocrx_word' id='word_1_221' title='bbox 1108 2169 1159 2216; x_wconf 92' lang='lat' dir='ltr'>in</span> <span class='ocrx_word' id='word_1_222' title='bbox 1197 2185 1294 2231; x_wconf 91' lang='lat' dir='ltr'>quo</span> <span class='ocrx_word' id='word_1_223' title='bbox 1332 2170 1464 2217; x_wconf 88' lang='lat' dir='ltr'>Deus</span> <span class='ocrx_word' id='word_1_224' title='bbox 1493 2185 1606 2218; x_wconf 87' lang='lat' dir='ltr'>oves</span> <span class='ocrx_word' id='word_1_225' title='bbox 1642 2171 1702 2218; x_wconf 89' lang='lat' dir='ltr'>ab</span> <span class='ocrx_word' id='word_1_226' title='bbox 1737 2170 1889 2218; x_wconf 87' lang='lat' dir='ltr'>haedis</span> 
     </span>
     <span class='ocr_line' id='line_1_34' title="bbox 503 2245 1889 2309; baseline 0.001 -17"><span class='ocrx_word' id='word_1_227' title='bbox 503 2245 776 2307; x_wconf 79' lang='lat' dir='ltr'>separabit3</span> <span class='ocrx_word' id='word_1_228' title='bbox 826 2245 878 2292; x_wconf 92' lang='lat' dir='ltr'>in</span> <span class='ocrx_word' id='word_1_229' title='bbox 915 2262 1011 2308; x_wconf 91' lang='lat' dir='ltr'>quo</span> <span class='ocrx_word' id='word_1_230' title='bbox 1057 2246 1266 2308; x_wconf 84' lang='lat' dir='ltr'>apostoli</span> <span class='ocrx_word' id='word_1_231' title='bbox 1297 2246 1589 2309; x_wconf 84' lang='lat' dir='ltr'>judicabunt</span> <span class='ocrx_word' id='word_1_232' title='bbox 1634 2245 1889 2294; x_wconf 87' lang='lat' dir='ltr'>duodecim</span> 
     </span>
     <span class='ocr_line' id='line_1_35' title="bbox 501 2320 1889 2384; baseline 0.001 -18"><span class='ocrx_word' id='word_1_233' title='bbox 501 2320 658 2367; x_wconf 87' lang='lat' dir='ltr'>tribus</span> <span class='ocrx_word' id='word_1_234' title='bbox 695 2321 876 2376; x_wconf 84' lang='lat' dir='ltr'>Israel;</span> <span class='ocrx_word' id='word_1_235' title='bbox 913 2321 965 2368; x_wconf 91' lang='lat' dir='ltr'>in</span> <span class='ocrx_word' id='word_1_236' title='bbox 1000 2337 1095 2384; x_wconf 90' lang='lat' dir='ltr'>quo</span> <span class='ocrx_word' id='word_1_237' title='bbox 1132 2321 1410 2370; x_wconf 81' lang='lat' dir='ltr'>CHRISTUS</span> <span class='ocrx_word' id='word_1_238' title='bbox 1446 2322 1611 2369; x_wconf 85' lang='lat' dir='ltr'>veniet</span> <span class='ocrx_word' id='word_1_239' title='bbox 1640 2321 1692 2369; x_wconf 92' lang='lat' dir='ltr'>in</span> <span class='ocrx_word' id='word_1_240' title='bbox 1714 2321 1889 2383; x_wconf 87' lang='lat' dir='ltr'>majes-</span> 
     </span>
    </p>
   </div>
   <div class='ocr_carea' id='block_1_7' title="bbox 501 2395 1955 2459">
    <p class='ocr_par' dir='ltr' id='par_1_7' title="bbox 501 2395 1955 2459">
     <span class='ocr_line' id='line_1_36' title="bbox 501 2395 1955 2459; baseline 0.001 -17"><span class='ocrx_word' id='word_1_241' title='bbox 501 2402 603 2443; x_wconf 85' lang='lat' dir='ltr'>tate</span> <span class='ocrx_word' id='word_1_242' title='bbox 638 2401 688 2443; x_wconf 88' lang='lat' dir='ltr'>et</span> <span class='ocrx_word' id='word_1_243' title='bbox 721 2396 905 2458; x_wconf 88' lang='lat' dir='ltr'>gloria;</span> <span class='ocrx_word' id='word_1_244' title='bbox 942 2395 994 2443; x_wconf 91' lang='lat' dir='ltr'>in</span> <span class='ocrx_word' id='word_1_245' title='bbox 1030 2412 1125 2458; x_wconf 92' lang='lat' dir='ltr'>quo</span> <span class='ocrx_word' id='word_1_246' title='bbox 1162 2396 1371 2459; x_wconf 88' lang='lat' dir='ltr'>denique</span> <span class='ocrx_word' id='word_1_247' title='bbox 1400 2412 1567 2444; x_wconf 91' lang='lat' dir='ltr'>omnes</span> <span class='ocrx_word' id='word_1_248' title='bbox 1592 2403 1889 2459; x_wconf 85' lang='lat' dir='ltr'>cognoscent</span> <span class='ocrx_word' id='word_1_249' title='bbox 1952 2405 1955 2407; x_wconf 72' lang='grc'><strong><em>’</em></strong></span> 
     </span>
    </p>
   </div>
   <div class='ocr_carea' id='block_1_8' title="bbox 501 2470 1888 2912">
    <p class='ocr_par' dir='ltr' id='par_1_8' title="bbox 501 2470 1888 2912">
     <span class='ocr_line' id='line_1_37' title="bbox 502 2470 1887 2534; baseline 0.001 -17"><span class='ocrx_word' id='word_1_250' title='bbox 502 2470 676 2530; x_wconf 82' lang='lat' dir='ltr'>Deum,</span> <span class='ocrx_word' id='word_1_251' title='bbox 694 2471 765 2519; x_wconf 89' lang='lat' dir='ltr'>ita</span> <span class='ocrx_word' id='word_1_252' title='bbox 786 2478 841 2519; x_wconf 93' lang='lat' dir='ltr'>ut</span> <span class='ocrx_word' id='word_1_253' title='bbox 863 2487 964 2519; x_wconf 88' lang='lat' dir='ltr'>non</span> <span class='ocrx_word' id='word_1_254' title='bbox 988 2487 1108 2534; x_wconf 89' lang='lat' dir='ltr'>opus</span> <span class='ocrx_word' id='word_1_255' title='bbox 1133 2471 1195 2519; x_wconf 88' lang='lat' dir='ltr'>sit</span> <span class='ocrx_word' id='word_1_256' title='bbox 1219 2471 1399 2530; x_wconf 89' lang='lat' dir='ltr'>doceri,</span> <span class='ocrx_word' id='word_1_257' title='bbox 1418 2472 1471 2519; x_wconf 93' lang='lat' dir='ltr'>id</span> <span class='ocrx_word' id='word_1_258' title='bbox 1493 2479 1582 2531; x_wconf 85' lang='lat' dir='ltr'>est,</span> <span class='ocrx_word' id='word_1_259' title='bbox 1600 2471 1652 2519; x_wconf 91' lang='lat' dir='ltr'>in</span> <span class='ocrx_word' id='word_1_260' title='bbox 1674 2470 1887 2519; x_wconf 88' lang='lat' dir='ltr'>secundo</span> 
     </span>
     <span class='ocr_line' id='line_1_38' title="bbox 503 2545 1888 2609; baseline -0.001 -15"><span class='ocrx_word' id='word_1_261' title='bbox 503 2546 735 2594; x_wconf 87' lang='lat' dir='ltr'>CHRISTI</span> <span class='ocrx_word' id='word_1_262' title='bbox 777 2546 1004 2605; x_wconf 76' lang='lat' dir='ltr'>adventU‚</span> <span class='ocrx_word' id='word_1_263' title='bbox 1031 2547 1130 2594; x_wconf 86' lang='lat' dir='ltr'>sive</span> <span class='ocrx_word' id='word_1_264' title='bbox 1169 2546 1248 2594; x_wconf 88' lang='lat' dir='ltr'>die</span> <span class='ocrx_word' id='word_1_265' title='bbox 1283 2546 1457 2609; x_wconf 87' lang='lat' dir='ltr'>judicii</span> <span class='ocrx_word' id='word_1_266' title='bbox 1495 2546 1669 2594; x_wconf 89' lang='lat' dir='ltr'>ultimi.</span> <span class='ocrx_word' id='word_1_267' title='bbox 1740 2545 1888 2594; x_wconf 73' lang='lat' dir='ltr'>Quod</span> 
     </span>
     <span class='ocr_line' id='line_1_39' title="bbox 501 2620 1887 2685; baseline -0.001 -16"><span class='ocrx_word' id='word_1_268' title='bbox 501 2621 542 2669; x_wconf 92' lang='lat' dir='ltr'>Si</span> <span class='ocrx_word' id='word_1_269' title='bbox 581 2637 786 2685; x_wconf 88' lang='lat' dir='ltr'>regnum</span> <span class='ocrx_word' id='word_1_270' title='bbox 823 2621 915 2669; x_wconf 88' lang='lat' dir='ltr'>Dei</span> <span class='ocrx_word' id='word_1_271' title='bbox 955 2621 1240 2669; x_wconf 90' lang='lat' dir='ltr'>restitutum</span> <span class='ocrx_word' id='word_1_272' title='bbox 1271 2622 1374 2684; x_wconf 87' lang='lat' dir='ltr'>jam</span> <span class='ocrx_word' id='word_1_273' title='bbox 1410 2628 1551 2679; x_wconf 84' lang='lat' dir='ltr'>esset,</span> <span class='ocrx_word' id='word_1_274' title='bbox 1587 2620 1722 2668; x_wconf 81' lang='lat' dir='ltr'>nulla</span> <span class='ocrx_word' id='word_1_275' title='bbox 1759 2621 1887 2668; x_wconf 85' lang='lat' dir='ltr'>ratio</span> 
     </span>
     <span class='ocr_line' id='line_1_40' title="bbox 501 2696 1888 2760; baseline 0 -17"><span class='ocrx_word' id='word_1_276' title='bbox 501 2696 641 2744; x_wconf 89' lang='lat' dir='ltr'>reddi</span> <span class='ocrx_word' id='word_1_277' title='bbox 655 2705 835 2760; x_wconf 86' lang='lat' dir='ltr'>posset,</span> <span class='ocrx_word' id='word_1_278' title='bbox 851 2713 1001 2760; x_wconf 87' lang='lat' dir='ltr'>quare</span> <span class='ocrx_word' id='word_1_279' title='bbox 1018 2697 1309 2756; x_wconf 85' lang='lat' dir='ltr'>CHRISTUS,</span> <span class='ocrx_word' id='word_1_280' title='bbox 1328 2697 1567 2759; x_wconf 88' lang='lat' dir='ltr'>completo</span> <span class='ocrx_word' id='word_1_281' title='bbox 1582 2711 1727 2759; x_wconf 88' lang='lat' dir='ltr'>opere</span> <span class='ocrx_word' id='word_1_282' title='bbox 1740 2712 1888 2759; x_wconf 86' lang='lat' dir='ltr'>prop-</span> 
     </span>
     <span class='ocr_line' id='line_1_41' title="bbox 502 2771 1888 2834; baseline 0.001 -16"><span class='ocrx_word' id='word_1_283' title='bbox 502 2778 579 2818; x_wconf 85' lang='lat' dir='ltr'>ter</span> <span class='ocrx_word' id='word_1_284' title='bbox 603 2772 735 2834; x_wconf 92' lang='lat' dir='ltr'>quod</span> <span class='ocrx_word' id='word_1_285' title='bbox 767 2773 943 2820; x_wconf 86' lang='lat' dir='ltr'>missus</span> <span class='ocrx_word' id='word_1_286' title='bbox 979 2779 1068 2831; x_wconf 87' lang='lat' dir='ltr'>est,</span> <span class='ocrx_word' id='word_1_287' title='bbox 1093 2772 1273 2820; x_wconf 88' lang='lat' dir='ltr'>iterum</span> <span class='ocrx_word' id='word_1_288' title='bbox 1297 2771 1499 2829; x_wconf 86' lang='lat' dir='ltr'>veniret,</span> <span class='ocrx_word' id='word_1_289' title='bbox 1522 2777 1607 2819; x_wconf 88' lang='lat' dir='ltr'>aut</span> <span class='ocrx_word' id='word_1_290' title='bbox 1634 2787 1783 2834; x_wconf 84' lang='lat' dir='ltr'>quare</span> <span class='ocrx_word' id='word_1_291' title='bbox 1818 2771 1888 2819; x_wconf 87' lang='lat' dir='ltr'>sic</span> 
     </span>
     <span class='ocr_line' id='line_1_42' title="bbox 501 2847 1506 2912; baseline -0.001 -18"><span class='ocrx_word' id='word_1_292' title='bbox 501 2862 811 2908; x_wconf 85' lang='lat' dir='ltr'>precaremur</span> <span class='ocrx_word' id='word_1_293' title='bbox 832 2868 842 2896; x_wconf 75' lang='grc' dir='ltr'><strong><em>ε</em></strong></span> <span class='ocrx_word' id='word_1_294' title='bbox 880 2847 1117 2896; x_wconf 80' lang='lat' dir='ltr'>adveniat</span> <span class='ocrx_word' id='word_1_295' title='bbox 1133 2864 1339 2912; x_wconf 79' lang='lat' dir='ltr'>regnum</span> <span class='ocrx_word' id='word_1_296' title='bbox 1363 2853 1506 2894; x_wconf 80' lang='lat' dir='ltr'>tuum.</span> 
     </span>
    </p>
   </div>
  </div>
 </body>
</html>
