2020 3262
365 237 456 280 148
758 250 1037 284 PRAEFATIO
1064 252 1136 284 AD
1165 232 1459 286 moronus.

360 381 563 445 cupiunt
577 383 781 443 dederis,
796 385 990 448 plorant
1005 394 1150 450 atque
1167 387 1456 447 irascuntur,
1473 389 1616 436 etiam
1634 388 1857 452 parentes

359 480 489 543 ipsos
506 481 777 540 verberant,
800 483 1079 546 habentque
1103 500 1132 531 a
1149 490 1323 531 natura
1341 491 1397 531 ut
1419 484 1488 532 ita
1510 484 1709 540 faciant3
1733 491 1858 533 atta-

356 585 471 627 men
505 581 647 644 culpa
679 589 870 639 vacant,
893 598 1052 645 neque
1076 583 1191 630 mali
1215 590 1342 641 sunt,
1365 583 1522 645 primo
1547 583 1660 646 quia
1681 599 1858 631 nocere

358 694 458 726 non
470 686 685 742 possunt,
702 680 876 728 deinde
896 682 1011 744 quia
1027 682 1225 729 rationis
1242 697 1334 728 usu
1352 688 1570 729 carentes
1594 682 1860 731 officiorum

359 778 575 825 omnium
593 778 829 826 immunes
851 787 978 827 sunt.
1022 780 1175 826 Iidem
1195 780 1233 826 si
1253 779 1419 827 adulta
1437 786 1596 839 aetate,
1615 780 1860 844 acquisitis

359 878 543 926 viribus
579 879 752 942 quibus
785 896 962 927 nocere
995 886 1212 943 possunt,
1248 880 1417 927 eadem
1450 880 1609 928 facere
1640 889 1860 944 pergant,

358 984 463 1025 tum
486 994 602 1025 vero
624 979 739 1025 mali
764 985 813 1026 et
836 995 937 1026 esse
962 987 1010 1026 et
1033 979 1264 1042 appellari
1294 979 1547 1041 incipiunt.
1616 980 1692 1027 Ita
1711 986 1767 1027 ut
1787 979 1863 1027 vir

359 1076 513 1124 malus
544 1076 672 1124 idem
706 1078 806 1124 fere
827 1078 903 1136 sit,
937 1077 1068 1140 quod
1098 1094 1219 1140 puer
1236 1079 1477 1136 robustus,
1508 1078 1584 1125 vel
1602 1078 1677 1126 vir
1700 1078 1861 1125 animo

359 1177 548 1240 puerili,
573 1184 622 1225 et
643 1177 829 1225 malitia
845 1178 975 1225 idem
998 1178 1130 1240 quod
1159 1178 1373 1225 defectus
1395 1178 1597 1226 rationis
1621 1194 1679 1226 ea
1700 1185 1860 1238 aetate,

362 1291 458 1338 qua
473 1291 561 1338 per
577 1282 817 1333 naturam,
837 1276 1088 1339 disciplina
1102 1283 1247 1339 atque
1263 1277 1550 1324 damnorum
1568 1277 1863 1339 experientia

360 1376 694 1437 gubernatam,
728 1376 947 1423 accidere
978 1377 1254 1424 hominibus
1286 1377 1422 1424 solet.
1491 1377 1599 1424 Nisi
1630 1392 1746 1440 ergo
1776 1377 1864 1424 ho-

361 1476 516 1523 mines
539 1475 649 1522 ideo
673 1492 702 1522 a
723 1482 900 1523 natura
930 1476 1086 1523 factos
1117 1477 1268 1524 malos
1298 1492 1402 1524 esse
1433 1476 1708 1535 dixerimus,
1734 1476 1866 1538 quod

355 1575 666 1638 disciplinam
690 1581 738 1622 et
760 1591 901 1622 usum
924 1576 1124 1623 rationis
1148 1592 1177 1622 a
1198 1582 1373 1623 natura
1402 1591 1502 1623 non
1530 1575 1726 1634 habent,
1750 1591 1865 1623 con-

361 1673 599 1720 fitendum
613 1679 685 1720 est
699 1689 840 1736 posse
853 1674 1072 1721 homines
1087 1690 1116 1721 a
1129 1681 1306 1721 natura
1320 1669 1650 1736 cupiditatem,
1663 1681 1863 1732 metum,

363 1770 499 1829 iram,
539 1777 837 1833 caeterosque
868 1771 1069 1817 affectus
1108 1770 1287 1817 habere
1327 1770 1573 1828 animales,
1611 1777 1667 1817 ut
1702 1778 1866 1818 tamen

363 1869 479 1916 mali
501 1869 619 1916 facti
642 1886 671 1916 a
693 1876 869 1916 natura
890 1885 989 1916 non
1014 1869 1124 1916 sint.
1195 1870 1404 1916 Immoto
1431 1868 1581 1932 igitur
1611 1868 1743 1931 quod
1770 1869 1866 1931 jeci

363 1967 698 2027 fundamento,
719 1968 921 2016 ostendo
940 1968 1096 2031 primo
1117 1968 1447 2015 conditionem
1464 1968 1714 2015 hominum
1731 1975 1868 2016 extra

359 2067 649 2115 societatem
674 2069 878 2126 civilem,
911 2085 1055 2130 quam
1091 2068 1419 2116 conditionem
1452 2067 1691 2130 appellare
1724 2067 1867 2114 liceat

366 2174 545 2215 statum
579 2174 781 2226 naturae,
818 2169 961 2215 aliam
992 2184 1092 2215 non
1127 2184 1230 2216 esse
1266 2185 1410 2231 quam
1443 2167 1622 2214 bellum
1653 2167 1867 2214 omnium

354 2274 536 2314 ‘contra
558 2283 753 2323 omnes;
790 2275 935 2331 atque
965 2268 1017 2314 in
1054 2284 1110 2315 eo
1146 2268 1274 2315 bello
1306 2270 1385 2331 jus
1422 2283 1524 2314 esse
1564 2266 1786 2314 omnibus
1816 2265 1867 2312 in

366 2356 555 2415 omnia:
596 2367 770 2414 deinde
806 2367 1026 2415 homines
1063 2383 1230 2414 omnes
1269 2383 1328 2415 ex
1358 2383 1415 2414 eo
1448 2372 1578 2414 statu
1609 2364 1786 2411 misero
1816 2371 1868 2411 et

366 2468 550 2527 odioso,
591 2468 877 2515 necessitate
916 2475 1102 2515 naturae
1143 2483 1256 2526 suae,
1298 2467 1585 2529 simulatque
1623 2465 1867 2512 miseriam

365 2566 496 2613 illam
514 2566 854 2624 intellexerint,
875 2566 1006 2613 exire
1024 2566 1147 2612 velle
1165 2584 1175 2611 t
1196 2565 1247 2612 id
1264 2572 1439 2623 autem,
1457 2564 1550 2611 nisi
1568 2564 1700 2611 initis
1714 2564 1868 2627 pactis

367 2682 396 2712 a
421 2666 530 2728 jure
562 2682 648 2714 suo
676 2666 727 2713 in
762 2666 928 2713 omnia*
957 2666 1209 2724 decedant,
1240 2665 1346 2712 fieri
1372 2680 1470 2711 non
1492 2679 1646 2726 posse.
1715 2664 1866 2711 Porro

367 2781 476 2827 quae
494 2766 557 2813 sit
572 2772 826 2828 pactorum
844 2772 1033 2824 natura,
1051 2781 1147 2827 quo
1166 2764 1311 2812 modo
1326 2765 1438 2826 jura
1451 2763 1511 2810 ab
1531 2763 1624 2810 alio
1639 2763 1690 2810 in
1704 2763 1868 2821 alium,

354 2872 424 2914 ‘ut
445 2874 588 2928 pacta
612 2866 770 2915 valida
790 2867 926 2924 fiant,
950 2866 1201 2915 transferri
1224 2865 1462 2920 debeant3
1486 2864 1604 2913 item
1626 2880 1736 2927 quae
1760 2865 1871 2928 jura
