2020 3262
538 249 609 283 DE
636 240 896 282 INGENIIS
923 246 991 280 ET
1015 246 1289 280 MORIBUS.
1517 237 1607 280 115

213 375 348 426 gum,
365 367 568 424 propter
588 367 691 409 tam
708 358 923 423 amplum
942 357 1153 406 civitatis
1174 357 1510 405 testimonium
1526 358 1609 406 vix
1656 380 1786 413 saer,
1805 380 1858 414 Π,

212 443 420 501 possunt
441 453 543 485 non
564 435 721 484 videri
741 435 832 483 sibi
857 433 1046 482 caeteris
1069 432 1351 481 hominibus
1375 433 1609 496 sapienti-
1668 432 1856 501 ss

214 527 340 561 ores.
410 513 584 576 Itaque
601 526 805 560 munere
825 526 912 558 suo
927 525 1029 557 non
1045 516 1241 556 tantum
1255 507 1319 556 ad
1337 508 1418 571 jus
1443 508 1609 556 dieen-

215 587 348 647 dum,
379 588 433 636 id
455 597 546 648 est,
577 587 642 636 ad
675 587 823 651 legeS,
847 585 900 633 id
931 591 1022 644 est,
1053 584 1118 632 ad
1139 583 1374 632 mandata
1397 583 1611 633 civitatis

213 663 518 728 explicanda,
542 663 628 711 sed
660 678 788 727 saepe
813 662 963 710 etiam
985 661 1050 709 ad
1079 661 1160 724 jus
1185 659 1418 719 dandum,
1442 659 1495 707 id
1519 668 1608 719 est,

213 738 279 786 ad
301 754 517 787 summos
551 739 865 802 imperantes,
890 736 942 784 id
977 743 1066 796 est,
1098 736 1162 784 ad
1186 735 1434 784 civitatem
1458 736 1510 782 in
1533 751 1610 783 or-

213 814 379 863 dinem
414 814 687 878 cogendam
723 813 797 861 uti
820 813 1104 877 postulant:
1142 812 1195 860 id
1227 811 1361 875 quod
1394 811 1610 874 plerum-

213 905 308 954 que
330 890 571 938 bellorum
607 890 820 938 civilium
861 888 1058 936 initium
1082 904 1186 936 esse
1211 888 1351 947 solet,
1375 887 1611 935 nimirum

211 965 485 1015 rectoribus
514 965 726 1014 civitatis
757 965 1013 1028 injustitiae
1045 964 1287 1012 accusatis
1322 964 1383 1011 ab
1414 963 1489 1021 iis,
1527 964 1611 1027 qui

210 1041 457 1091 habentur
488 1041 614 1104 juris
647 1040 946 1104 peritissimi,
971 1040 1392 1104 imperitissimum
1416 1040 1607 1103 vulgus,

211 1117 504 1167 ducentibus
528 1117 587 1165 iis
612 1118 786 1181 quibus
809 1133 887 1165 res
909 1133 1053 1165 novae
1088 1126 1139 1165 et
1160 1117 1343 1165 bellum
1368 1116 1510 1165 civile
1531 1117 1611 1165 vel

207 1201 413 1259 propter
435 1194 755 1242 ambitionem
774 1193 1050 1258 jucundum
1074 1193 1151 1241 vel
1173 1201 1376 1257 propter
1399 1209 1505 1241 rem
1536 1193 1609 1241 fa-

209 1269 450 1319 miliarem
467 1270 690 1318 attritam
706 1270 827 1318 utile
843 1277 932 1329 est,
953 1278 1128 1318 contra
1145 1269 1357 1318 civitatis
1375 1278 1607 1329 rectores,

209 1345 263 1395 id
285 1353 376 1406 est,
400 1354 577 1394 contra
599 1346 757 1410 ipsam
787 1346 1040 1394 civitatem
1062 1362 1199 1393 arma
1223 1353 1439 1394 sumunt.

277 1424 325 1478 7.
349 1422 428 1470 Ab
451 1422 755 1471 authoribus.
792 1422 1041 1470 Authores
1059 1429 1227 1469 autem
1245 1422 1422 1485 cuique
1447 1423 1610 1486 cujus-
1625 1424 1673 1453 Ab
1689 1424 1869 1452 ³¹¹st¹0¹⁴b¹²2

210 1513 307 1563 que
329 1497 402 1547 rei
424 1514 507 1546 eos
528 1514 668 1556 voco,
694 1514 903 1562 quorum
928 1497 1035 1561 quis
1059 1505 1309 1562 praecepta
1336 1505 1432 1546 aut⁴
1447 1514 1611 1546 exem-

208 1573 347 1638 plum
370 1574 607 1638 sequitur,
633 1574 810 1622 ductus
833 1574 1062 1638 opinione
1087 1574 1339 1638 sapientiae
1363 1576 1483 1638 ejus.
1533 1576 1610 1623 Ab

209 1650 305 1711 his,
329 1651 371 1700 si
394 1650 530 1708 boni,
547 1650 746 1736 ingenia
761 1650 1147 1699 adolescentium
1164 1650 1442 1698 formantur
1465 1651 1611 1711 bona,

209 1742 364 1790 prava
381 1727 422 1775 si
439 1726 608 1791 pravi;
642 1726 743 1775 sive
762 1726 983 1791 magistri
999 1727 1034 1775 ii
1055 1727 1168 1786 sint,
1193 1727 1293 1775 sive
1310 1735 1490 1790 patres,
1511 1727 1612 1776 sive

212 1802 296 1851 alii
340 1803 638 1867 quicunque,
686 1818 810 1867 quos
854 1803 1003 1866 vulgo
1050 1818 1080 1850 a
1132 1803 1372 1866 sapientia
1422 1803 1613 1852 laudari

212 1879 453 1936 audiunt;
477 1896 594 1928 nam
615 1879 840 1928 laudatos
862 1886 1150 1927 reverentur
1172 1887 1223 1927 et
1247 1879 1420 1943 dignos
1445 1880 1613 1928 existi-
1669 1879 1673 1884 ’

211 1963 353 2004 mant
381 1971 505 2019 quos
534 1955 803 2004 imitentur.
874 1956 949 2003 Ex
980 1971 1077 2018 quo
1107 1955 1412 2019 intelligitur,
1436 1956 1612 2020 prim0,

211 2047 314 2080 non
330 2030 479 2080 modo
498 2047 647 2095 quam
665 2031 794 2079 veris
817 2038 869 2079 et
890 2031 1031 2079 bonis
1048 2031 1308 2099 praeceptis
1331 2031 1614 2080 adolescen-

212 2106 338 2156 tium
372 2107 562 2156 animos
596 2107 816 2156 imbuere
847 2107 1059 2156 debeant
1094 2114 1273 2171 patres,
1298 2108 1538 2172 magistri,
1564 2115 1615 2156 et

211 2190 403 2232 tutores
433 2199 620 2243 eorum,
651 2183 739 2232 sed
768 2184 917 2232 etiam
947 2199 1095 2247 quam
1126 2190 1294 2232 sancte
1324 2191 1374 2233 et
1398 2185 1530 2248 juste
1561 2184 1614 2232 in

211 2274 383 2308 eorum
413 2259 676 2323 praesentia
714 2275 818 2307 sese
851 2266 1043 2323 gerant,
1079 2267 1137 2308 ut
1167 2276 1378 2324 quorum
1416 2260 1616 2324 ingenia

126 2363 127 2366 =
165 2385 168 2388 ,
212 2350 313 2384 11011
336 2335 501 2383 111111118
524 2334 612 2383 sed
634 2335 790 2383 multo
813 2335 968 2399 magis
992 2335 1056 2383 ad
1084 2352 1247 2384 mores
1270 2336 1425 2384 malos
1450 2352 1615 2384 exem-

17 2470 20 2474 ,
211 2408 310 2474 plu,
346 2426 496 2475 quam
526 2410 591 2458 ad
626 2411 782 2458 bonos
818 2411 1080 2474 praeceptis
1110 2411 1456 2475 disponuntur.
1527 2412 1615 2460 Se-

214 2486 393 2546 cundo,
429 2502 594 2552 quam,
629 2503 751 2551 quos
787 2486 963 2535 lecturi
999 2494 1114 2536 sunt
1148 2487 1315 2547 libros,
1351 2488 1451 2536 sint
1492 2487 1614 2544 sani,

78 2551 90 2566 ⁶
214 2562 352 2623 casti,
377 2570 429 2611 et
451 2562 612 2611 utiles.
684 2563 811 2611 Sunt
834 2571 1001 2611 autem
1028 2563 1142 2611 libri
1171 2564 1342 2627 scripti
1373 2581 1403 2612 a
1426 2563 1614 2612 civibus

215 2637 466 2699 Romanis,
496 2639 703 2688 florente
733 2639 1036 2688 democratia
1065 2648 1152 2688 aut
1182 2657 1353 2689 recens
1378 2641 1611 2701 extincta,

4 2772 8 2781 ι
31 2770 34 2771 ⁷
214 2729 308 2764 nec
323 2730 424 2764 non
442 2732 473 2764 a
491 2715 674 2764 Graecis
693 2716 902 2764 florente
919 2716 1170 2780 republica
1183 2717 1487 2777 Atheniensi,
1506 2725 1614 2765 tum

0 2812 23 2860 {³
66 2791 94 2838 ’ῑῇ
204 2798 575 2855 ''praeceptor-um
599 2799 707 2840 tum
737 2792 1072 2856 exemplorum
1101 2792 1249 2856 pleni,
1274 2793 1451 2857 quibus
1474 2793 1612 2857 inge-

7 2874 12 2882 '
81 2882 85 2889 ·
216 2865 352 2916 nium
381 2867 518 2931 vulgi
547 2867 744 2932 regibus
775 2868 874 2917 suis
904 2868 1137 2917 infestum
1167 2868 1422 2924 redditur;
1464 2869 1608 2933 idque

1399 2961 1417 2994 1
1449 2961 1470 2991 2
