1994 3276
153 382 281 415 SECT.
303 382 370 414 ΙΙΙ.

241 434 289 464 18.

131 527 179 555 Ex
191 527 397 564 praedicatione

131 570 337 607 Apostolorum
349 580 356 597 ε

135 1572 184 1599 Ex
197 1571 338 1600 facilitate

135 1615 284 1652 religionis

135 1657 313 1687 christianae
320 1668 329 1688 ε

411 243 506 284 424
978 254 1225 288 RELIGJO.

479 365 507 416 7
515 400 525 410 .
553 362 795 422 Secundo,
810 364 1045 426 probatur
1061 365 1191 412 idem
1206 381 1265 411 ex
1283 364 1633 427 praedicatione
1650 366 1803 429 Apos-
1835 425 1837 428 .

412 438 624 485 tolorum
645 458 656 493 ;
693 445 832 486 erant
854 440 984 486 enim
1015 441 1154 503 regni
1176 456 1440 503 praecones,
1465 456 1556 487 nec
1582 440 1802 489 Christus

414 530 495 561 eos
519 514 652 561 misit
685 514 823 574 (Luc.
855 515 919 562 ix.
941 522 987 573 2,
1009 516 1120 563 Act.
1147 533 1226 563 xv.
1253 516 1305 575 6)
1340 515 1400 562 ad
1435 515 1803 578 praedicandum

413 588 560 648 aliud,
578 605 723 651 quam
742 605 945 652 regnum
973 591 1079 638 Dei.
1161 590 1294 639 Quid
1312 597 1476 637 autem
1492 598 1603 653 post
1620 590 1803 638 Christi

413 664 745 712 ascensionem
758 665 980 724 fecerint,
1000 665 1206 728 intelligi
1224 671 1387 727 potest
1402 681 1462 712 ex
1477 681 1644 713 eorum
1662 681 1804 713 accu-

414 740 599 788 satione
627 740 759 800 (Act.
775 741 888 788 xvii.
913 746 959 799 6,
980 742 1032 802 7)
1053 758 1063 787 :
1107 740 1410 799 Trahebant,
1426 740 1584 803 inquit
1607 747 1804 788 sanctus

415 817 586 874 Lucas,
612 815 847 862 Jasonem
871 823 921 862 et
945 816 1186 879 quosdam
1205 815 1420 878 fratres
1444 816 1517 863 ad
1535 814 1804 880 principes

414 890 654 950 civitatis‘,
679 890 951 938 clamantes
970 910 986 938 .·
1011 892 1147 955 quod
1167 892 1218 938 hi
1242 898 1371 949 sunt,
1391 892 1477 955 qui
1499 891 1668 939 urbem
1691 907 1804 939 con-

415 965 589 1023 citant,
614 972 664 1012 et
686 966 778 1012 huc
795 974 1044 1025 venerunt,
1069 983 1191 1030 quos
1211 967 1431 1030 suscepit
1453 965 1610 1014 Jason
1625 985 1644 1022 ;
1680 973 1730 1014 et
1752 965 1806 1014 hi

414 1055 575 1086 omnes
621 1046 797 1087 contra
844 1040 1048 1087 decreta
1099 1040 1323 1088 C'oesaris
1358 1041 1586 1104 faciunt,
1633 1056 1804 1106 regem

415 1114 567 1162 alium
593 1115 814 1162 dicentes
839 1132 947 1162 esse
961 1115 1143 1163 Jesum.
1214 1116 1376 1163 Etiam
1392 1117 1665 1178 subjectum
1688 1132 1803 1164 con-

416 1189 612 1236 cionum
650 1190 1027 1252 apostolicarum
1059 1190 1200 1252 quale
1231 1191 1394 1249 fuerit,
1419 1199 1622 1253 apparet
1645 1206 1706 1238 ex
1726 1191 1805 1238 his

414 1264 575 1311 verbis
604 1264 737 1325 (Act.
762 1265 877 1312 xvii.
906 1265 957 1326 3)
980 1284 991 1311 ι
1028 1266 1107 1312 De
1132 1265 1417 1329 Scripturis
1459 1266 1686 1326 (subaudi
1708 1266 1805 1313 Ve-
1837 1258 1842 1262 ’

415 1339 534 1386 teris
572 1339 897 1400 Testamenti)
939 1339 1243 1402 adaperiens
1290 1347 1340 1388 et
1385 1340 1639 1388 insinuans
1683 1341 1806 1405 quia

421 1412 673 1460 Christum
696 1413 919 1476 oportuit
932 1414 1069 1477 pati,
1094 1421 1144 1461 et
1160 1429 1430 1479 resurgere
1454 1432 1487 1462 a
1510 1416 1731 1474 mortuis,
1755 1422 1807 1464 et

416 1488 537 1552 quia
562 1502 659 1535 HIC
681 1502 780 1535 EST
802 1488 971 1536 JESUS
999 1489 1295 1537 CHRISTUS.

485 1569 530 1611 8.
555 1563 738 1622 Tertio,
755 1579 816 1610 ex
832 1563 890 1610 iis
905 1563 1025 1611 locis
1045 1564 1219 1626 quibus
1235 1580 1418 1621 eorum,
1438 1580 1546 1627 quae
1560 1581 1591 1612 a
1605 1565 1804 1613 Christo

417 1639 481 1686 ad
505 1640 712 1687 salutem
735 1639 1066 1702 requiruntur,
1089 1639 1366 1687 declaratur
1382 1640 1605 1687 facilitas,
1675 1640 1805 1688 Nam

417 1715 457 1763 si
481 1715 545 1763 ad
569 1715 776 1762 salutem
806 1715 1081 1762 necessario
1104 1716 1383 1778 requiratur
1406 1730 1630 1762 assensus
1653 1715 1804 1763 animi

418 1790 642 1837 internus
664 1789 860 1837 veritati
895 1789 1112 1836 omnium
1136 1796 1185 1836 et
1208 1789 1508 1852 singularum
1544 1789 1806 1852 propositi-

419 1881 585 1923 onum,
610 1881 718 1927 quae
742 1865 873 1912 circa
894 1864 1042 1912 fidem
1067 1865 1392 1912 Christianam
1415 1864 1560 1912 hodie
1581 1864 1659 1911 vel
1690 1880 1807 1912 con-

418 1947 772 1998 trovertuntur,
790 1940 868 1986 vel
887 1956 916 1986 a
934 1939 1135 1987 diversis
1151 1939 1366 1987 ecclesiis
1385 1939 1574 1987 diverse
1593 1939 1807 1987 definitae

420 2024 549 2074 sunt,
596 2015 719 2062 nihil
766 2022 892 2062 esset
936 2015 1173 2078 religione
1222 2015 1500 2062 Christiana
1546 2014 1804 2062 difficilius.

422 2090 684 2140 Quomodo
725 2106 841 2153 ergo
878 2106 1049 2137 verum
1087 2098 1228 2149 esset,
1271 2090 1472 2150 (Matth.
1497 2090 1562 2137 xi.
1590 2090 1675 2151 30)
1715 2089 1806 2137 Ju-

416 2183 537 2230 gum
550 2183 703 2213 meum
718 2182 866 2213 suave
882 2172 974 2224 est,
994 2173 1045 2213 et
1059 2182 1178 2213 onus
1197 2182 1348 2213 meum
1365 2166 1469 2213 leve
1488 2184 1507 2220 ;
1532 2171 1583 2213 et
1603 2166 1805 2225 (Matth.

420 2242 552 2289 xviii.
589 2242 640 2303 6)
692 2241 940 2288 Parvulos
977 2241 1028 2288 in
1065 2258 1171 2288 eum
1209 2242 1418 2288 credere
1435 2260 1454 2296 ;
1507 2248 1556 2288 et
1600 2242 1649 2302 (1
1690 2241 1802 2288 Cor.

422 2317 454 2365 i.
494 2317 581 2378 21)
628 2316 891 2381 placuisse
935 2318 1045 2364 Deo
1086 2333 1188 2380 per
1234 2316 1504 2364 stultitiam
1545 2316 1803 2380 praedica-

422 2393 572 2440 tionis
619 2392 784 2439 salvos
808 2392 1001 2455 facere
1041 2393 1301 2439 credentes
1317 2395 1345 2439 ,9
1426 2392 1516 2439 Vel
1562 2390 1807 2455 quomodo

422 2468 540 2515 satis
565 2468 628 2515 ad
663 2468 868 2514 salutem
908 2468 1176 2515 instructus
1215 2468 1310 2515 fuit
1345 2468 1471 2515 latro
1502 2467 1718 2530 pendens
1753 2467 1803 2514 in

422 2559 582 2601 cruce,
609 2544 744 2605 cujus
768 2543 883 2590 fidei
908 2543 1145 2590 confessio
1162 2543 1507 2590 continebatur
1520 2542 1595 2590 his
1613 2542 1802 2589 verbis:

421 2619 670 2665 Memento
690 2618 798 2675 mei,
824 2635 930 2665 cum
953 2618 1144 2665 veneris
1168 2618 1218 2665 in
1242 2634 1449 2681 regnum
1473 2624 1603 2664 tuum
1619 2620 1647 2664 z?
1714 2617 1804 2664 Vel

420 2693 523 2755 ipse
551 2700 748 2741 sanctus
773 2693 947 2740 Paulus
971 2693 1102 2741 unde
1126 2700 1227 2740 tam
1254 2694 1351 2740 cito
1378 2709 1437 2739 ex
1460 2693 1599 2739 hoste
1632 2691 1805 2739 doctor

422 2768 810 2816 Christianorum
833 2769 940 2815 fieri
963 2770 1125 2830 potuit
1146 2768 1161 2815 ἒ
1855 2822 1857 2826 .

488 2849 535 2890 9.
573 2844 778 2901 Quarto,
805 2860 863 2890 ex
888 2860 945 2890 eo
971 2844 1102 2906 quod
1125 2842 1356 2891 articulus
1379 2843 1458 2890 ille
1481 2842 1594 2889 fidei
1629 2841 1806 2890 funda-
