2020 3262
234 390 360 422 SECT.
382 391 449 423 111.

320 442 368 473 17.

215 534 341 562 Pertinet
358 534 396 562 ad

212 588 235 603 m
242 578 322 604 xctori
326 580 413 605 tutem

492 249 586 290 386
1051 261 1296 296 RELIGIO-

483 366 796 431 possidentis
814 369 924 432 jure
943 370 1273 428 existimetur;
1308 373 1677 436 intelligendum
1699 388 1864 424 neees-

491 441 617 489 sario
658 450 746 501 est,
783 459 881 491 non
919 451 1110 493 tantum
1148 447 1279 509 apud
1318 447 1550 504 infideles,
1586 448 1714 496 inter
1744 465 1864 513 quos

490 516 593 579 ipse
628 517 903 567 CHRISTUS
936 520 1151 582 judicem
1186 537 1236 568 se
1271 528 1320 568 et
1352 522 1726 572 distributorem
1760 541 1864 574 esse

212 619 325 648 funem
343 620 464 649 definire
490 593 701 654 negavit,
723 593 807 640 sed
831 594 978 641 etiam
1001 596 1131 658 apud
1156 596 1473 655 ChristianOS‚
1498 597 1626 646 cives
1651 599 1864 663 singulos

212 663 283 699 quid
297 664 335 690 sit
347 673 446 700 pecca-

213 711 274 733 tum
295 706 455 744 injustitiae.

490 668 681 731 regulas
705 668 809 716 illas
834 669 1054 732 accipere
1084 671 1258 718 debere
1283 688 1312 718 a
1335 672 1546 731 civitate,
1571 673 1666 722 hoc
1690 682 1778 734 est,
1802 675 1864 723 ab

490 758 548 790 eo
566 743 761 791 homine
774 744 851 792 vel
867 761 923 792 ea
942 746 1091 805 curia,
1109 762 1217 809 quae
1238 747 1444 795 civitatis
1460 764 1699 797 summum
1716 750 1865 798 habet

489 819 759 882 imperium.
831 820 1059 883 Sequitur
1091 838 1207 885 ergo
1242 822 1431 885 legibus
1466 823 1574 883 illis,
1606 842 1701 872 non
1736 825 1865 873 occi-

491 893 596 950 des,
619 909 713 941 non
736 895 1053 956 moeclzabere,
1072 914 1165 943 non
1172 895 1442 960 furabere,
1463 906 1703 963 parentes
1721 900 1867 947 hono-

489 968 646 1027 rabis,
664 969 786 1016 nihil
809 970 939 1017 aliud
962 972 1261 1035 praeeepisse,
1281 989 1426 1035 quam
1448 981 1505 1021 ut
1528 974 1657 1022 cives
1679 981 1729 1023 et
1751 975 1866 1022 sub-

490 1043 581 1091 diti
617 1044 714 1092 suis
757 1045 1055 1108 principibus
1096 1055 1146 1094 et
1188 1048 1385 1095 summis
1430 1049 1778 1112 imperantibus
1813 1050 1866 1097 in

490 1119 837 1181 quaestionibus
877 1120 1114 1179 omnibus,
1152 1122 1281 1169 cirea
1321 1140 1487 1183 meum,
1532 1131 1678 1184 tuum,
1715 1142 1866 1184 suum,

491 1193 718 1252 alienum,
765 1195 981 1242 absolute
1032 1197 1299 1245 obedirent.
1367 1198 1561 1246 Etenim
1604 1207 1864 1264 praecepto,

490 1285 585 1314 non
610 1268 822 1327 occides,
846 1286 944 1317 non
968 1272 1129 1319 somnis
1157 1273 1332 1320 occisio
1366 1274 1668 1336 prohibetur.
1737 1276 1866 1326 Nam

485 1342 574 1405 qui
598 1342 734 1400 dixit,
759 1360 852 1390 non
884 1345 1096 1404 occides,
1121 1347 1250 1394 idem
1274 1347 1397 1395 dixit
1422 1348 1597 1410 (Exod.
1622 1367 1764 1399 xxxv.
1792 1352 1864 1414 2),

490 1417 753 1464 occidatur
778 1418 822 1465 is
845 1419 1135 1482 quifecerit
1158 1439 1281 1486 opus
1305 1424 1356 1470 in
1380 1424 1635 1474 sabbatho.
1693 1427 1866 1490 Neque

491 1493 648 1540 omnis
679 1493 856 1541 occisio
894 1510 1042 1542 eausa
1076 1496 1316 1544 inaudita:
1365 1498 1487 1547 dixit
1521 1500 1651 1549 enim
1691 1501 1864 1563 (Exod.

490 1567 638 1615 xxxii.
659 1567 762 1629 27),
783 1569 982 1616 occidat
998 1572 1329 1635 unusquisque
1332 1572 1563 1635 fratrem
1587 1582 1637 1623 et
1660 1577 1867 1624 amicum

490 1649 541 1690 et
559 1643 838 1706 proximum
872 1662 1007 1692 suum
1026 1665 1042 1693 .·
1079 1654 1128 1694 et
1151 1647 1312 1695 occisa
1347 1656 1461 1696 sunt
1489 1650 1585 1698 tria
1606 1658 1657 1699 et
1679 1652 1867 1716 viginta

488 1718 642 1766 millia
680 1719 947 1768 hominum.
1019 1722 1190 1786 Neque
1237 1724 1392 1771 omnis
1440 1726 1618 1774 occisio
1657 1727 1867 1776 hominis

490 1794 764 1842 innocentis
783 1814 793 1842 z
818 1796 948 1843 vovit
966 1795 1097 1845 enim
1110 1799 1139 1845 J
1143 1799 1286 1862 ephte
1311 1799 1442 1862 (Jud.
1458 1801 1522 1849 xi.
1542 1803 1644 1864 31),
1665 1803 1867 1866 quicun-

491 1885 586 1932 que
599 1869 982 1932 primussuerit
1005 1890 1255 1937 egres-sm,
1281 1882 1373 1923 etc.
1404 1893 1508 1923 eum
1531 1877 1867 1926 holocaustum

493 1945 699 2006 offeram
717 1947 927 1994 Domino
944 1967 961 1995 .·
991 1955 1040 1996 et
1062 1957 1234 1997 votum
1257 1952 1359 2013 ejus
1379 1951 1483 1999 Deo
1502 1960 1758 2016 acceptum
1776 1960 1866 2000 est.

491 2020 627 2068 Quid
670 2037 785 2084 ergo
831 2023 1117 2085 prohibetur
1137 2025 1152 2072 Ρ
1247 2027 1356 2074 Hoc
1401 2034 1608 2087 tantum,
1654 2044 1717 2076 ne
1762 2028 1868 2092 quis

491 2095 685 2143 occidat
709 2113 1014 2160 quemquam,
1040 2116 1184 2162 quem
1208 2101 1430 2149 occidere
1452 2118 1552 2150 non
1577 2103 1639 2150 sit
1662 2103 1754 2166 ipsi
1772 2105 1867 2166 jus,

491 2170 544 2217 id
562 2179 650 2229 est,
671 2187 815 2219 nemo
834 2173 1042 2233 occidat,
1061 2175 1156 2223 nisi
1178 2176 1230 2223 id
1252 2177 1411 2225 faeere
1434 2194 1571 2226 suum
1594 2179 1670 2227 sit.
1721 2179 1752 2227 J
1756 2180 1868 2226 ubet

491 2262 611 2309 erg-o
658 2247 736 2294 lex
774 2247 1021 2307 CHRISTI,
1060 2251 1191 2298 circa
1227 2251 1536 2312 occisionem,
1577 2262 1626 2301 et
1664 2253 1868 2317 proinde

492 2321 641 2369 etiam
688 2322 817 2370 circa
862 2340 1054 2371 omnem
1099 2325 1345 2373 laesionem
1389 2327 1600 2375 hominis
1645 2335 1694 2376 et
1738 2328 1869 2376 circa

490 2413 660 2460 poenas
695 2398 989 2458 statuendas,
1016 2400 1104 2447 soli
1140 2401 1327 2448 civitati
1354 2402 1566 2449 obedire.
1638 2402 1869 2451 Similiter

490 2479 751 2536 praeoepto,
784 2490 878 2520 non
912 2474 1232 2535 moechabere,
1267 2493 1366 2524 non
1392 2477 1677 2540 prohibetur
1712 2478 1869 2526 omnis

491 2547 795 2606 concubitUS,
835 2548 921 2595 sed
965 2556 1156 2598 tantum
1200 2567 1311 2599 cum
1356 2551 1523 2600 aliena
1538 2571 1557 2606 ;
1606 2568 1713 2615 quae
1751 2569 1868 2602 vero

495 2622 663 2669 aliena
687 2630 775 2682 est,
801 2624 1038 2690 judicatio
1074 2626 1137 2673 ad
1172 2626 1417 2674 civitatem
1449 2628 1672 2690 pertinet,
1699 2635 1747 2675 et
1780 2644 1869 2691 per

494 2697 702 2760 regulas,
728 2714 845 2761 quas
867 2701 1149 2762 praeseribet
1181 2702 1365 2761 civitas,
1390 2702 1757 2749 determinanda
1780 2711 1867 2751 est.

497 2772 769 2835 Imperatur
792 2790 907 2837 ergo
930 2784 1175 2839 praecepto
1204 2777 1298 2824 hoc
1321 2777 1442 2824 mari
1464 2784 1513 2823 et
1535 2776 1744 2824 foeminae
1769 2794 1869 2826 ser-

495 2862 610 2894 vare
645 2848 808 2908 fidem,
847 2846 993 2911 quam
1030 2850 1254 2899 dederint
1282 2858 1466 2910 mutuo,
1492 2867 1551 2899 ex
1584 2853 1868 2916 praescripto
