1994 3256
554 263 625 297 DE
652 261 824 296 LmnA
850 260 1096 305 vISUALI,
1123 261 1242 294 Ero.
1533 250 1590 293 13

194 392 286 426 sua
319 375 545 435 retinam,
585 382 642 423 ut
674 374 725 422 in
766 374 821 422 M
838 373 878 420 B
896 373 935 431 I,
972 373 1073 420 sive
1109 386 1367 436 processus
1402 370 1594 419 ciliares
1643 392 1772 425 SECT,
1793 393 1844 425 11,

197 453 243 501 K
264 452 318 511 L,
343 468 440 516 quo
464 452 550 499 fiet
571 457 628 499 111
644 449 838 514 planior
860 448 1094 511 utrinque
1119 447 1182 495 sit
1205 447 1382 494 humor
1406 447 1595 494 cristal-
1656 482 1659 483 γ
1731 444 1760 475 2·
1873 511 1878 518 Β

194 528 341 586 linus,
366 527 467 575 sive
501 525 749 574 tenuiores
786 524 938 572 faciat
958 524 1207 582 humores,
1234 522 1336 570 sive
1360 522 1597 585 pupillam

194 602 346 651 faciat
381 601 689 666 apertiorem,
713 615 914 648 neeesse
951 605 1025 647 est
1057 605 1113 646 ut
1143 598 1382 646 visionem
1422 597 1599 646 reddat

194 677 556 730 confusiorem;
593 675 742 738 idque
782 690 871 738 per
903 674 1173 738 superfluas
1206 672 1416 720 visuales
1451 688 1511 720 ex
1543 689 1601 720 ea

195 759 337 817 parte
366 751 471 800 axis
493 750 544 799 in
569 767 667 814 qua
690 757 804 798 sunt
826 749 953 798 radii
969 749 1063 814 ipsi
1082 749 1257 812 quibus
1279 748 1488 796 visuales
1506 748 1600 796 illae

202 827 518 893 respondent.
602 826 833 874 Densitas
856 833 1022 873 autem
1044 825 1309 873 humorum
1331 831 1602 887 praeterna-

198 903 387 963 turalis,
414 902 649 951 distantia
673 901 928 950 cristallini
952 917 982 949 a
1004 901 1166 949 retina
1186 901 1343 964 major
1375 899 1527 962 justo,
1553 906 1602 947 et

197 978 468 1045 gibbositas
499 977 757 1025 cristallini
779 976 947 1036 nimia,
971 976 1209 1024 visionem
1236 975 1453 1023 efficiunt
1487 992 1603 1024 con-

197 1055 358 1104 fusam
379 1069 468 1117 per
500 1053 771 1117 superfluas
794 1052 1006 1101 visuales
1031 1068 1090 1100 ex
1113 1059 1255 1116 parte
1279 1051 1383 1100 axis
1406 1059 1602 1100 contra-

195 1131 285 1180 ria.
312 1130 504 1180 Quibus
522 1138 688 1178 autem
710 1129 886 1177 vitium
900 1129 994 1177 hoc
1018 1128 1276 1193 contingit,
1295 1128 1603 1192 appellantur

197 1207 383 1257 GraeciS
406 1208 591 1268 μῦωπες,
610 1206 784 1254 Latine
805 1205 1030 1254 luscio-5⁸2⁸.

266 1282 444 1332 Coroll.
466 1297 528 1330 11.
565 1282 853 1330 Confusioni
884 1281 1015 1340 huic,
1047 1282 1150 1329 sive
1186 1297 1358 1329 senum
1378 1280 1479 1328 sive
1503 1280 1601 1328 lus-

197 1359 460 1418 ciosorum,
485 1358 758 1407 remedium
781 1359 993 1406 afferunt
1009 1358 1139 1407 vitra
1164 1357 1352 1405 diverse
1375 1357 1600 1415 formata,

196 1442 254 1484 ut
277 1451 364 1483 suo
387 1434 497 1483 loco
534 1434 664 1482 infra
692 1433 1007 1489 ostendetur3
1045 1441 1096 1481 et
1119 1433 1223 1481 sine
1245 1432 1387 1480 vitris
1419 1432 1602 1480 lamina

197 1510 437 1560 foramine
470 1526 623 1575 parvo
656 1517 872 1574 pertusa,
896 1509 974 1558 vel
992 1509 1192 1558 tubulus
1216 1509 1422 1572 exiguus
1459 1509 1600 1556 oculo

198 1586 487 1651 applicatus,
513 1602 611 1650 quo
648 1585 774 1635 radii
810 1585 1011 1649 obliqui,
1045 1601 1204 1633 causae
1243 1585 1401 1648 hujus·
1430 1584 1600 1633 confu-

198 1663 364 1722 sionis,
395 1663 457 1711 ab
493 1670 704 1726 utraque
743 1669 884 1726 parte
909 1661 1013 1709 axis
1044 1661 1195 1725 optici
1231 1660 1598 1709 abscindantur.

201 1738 351 1788 Quod
389 1738 662 1787 remedium
698 1738 895 1801 utrique
932 1738 1069 1797 vitio,
1100 1744 1204 1786 tam
1244 1752 1417 1785 senum
1451 1752 1601 1801 quam

200 1814 542 1874 lusciosorum,
566 1814 763 1863 videtur
787 1830 891 1863 esse
914 1814 1129 1862 unicum.

270 1890 522 1940 Quoniam
538 1890 860 1938 lusciosorum
878 1889 1125 1938 defectum
1145 1896 1367 1937 senectus
1389 1905 1491 1937 non
1508 1889 1600 1936 mi-

201 1966 327 2026 nuit,
343 1983 446 2016 non
468 1965 663 2014 videtur
682 1981 831 2014 causa
853 1967 957 2030 ejus
981 1965 1246 2014 consistere
1263 1965 1316 2012 in
1337 1965 1601 2013 humorum

201 2042 460 2099 densitate,
484 2041 571 2090 sed
610 2042 774 2105 potius
811 2042 864 2090 in
899 2042 1059 2105 figura
1081 2041 1352 2106 crystallini
1372 2058 1483 2105 quae
1506 2041 1601 2089 illis

200 2118 346 2167 nimis
365 2118 570 2182 gibbosa
594 2125 685 2176 est,
715 2117 794 2165 vel
817 2117 869 2165 in
894 2117 1128 2166 distantia
1150 2117 1303 2165 nimia
1331 2117 1601 2181 crystallini

200 2211 234 2244 a
254 2194 430 2254 retina,
448 2193 555 2242 aliis
579 2193 777 2257 quidem
800 2209 860 2241 ex
883 2193 992 2252 hac,
1015 2193 1121 2242 aliis
1147 2209 1207 2241 ex
1230 2193 1314 2241 illa
1337 2209 1499 2241 causa.

271 2269 454 2319 Coroll.
475 2284 562 2317 111.
600 2268 920 2317 Manifestum
948 2285 1006 2317 ex
1038 2276 1152 2317 ante
1177 2269 1321 2317 dictis
1340 2275 1430 2328 est,
1452 2284 1602 2332 quare

149 2396 154 2404 ,
203 2346 331 2411 ignis
350 2345 628 2394 scintillulae
664 2352 715 2392 et
751 2345 905 2393 stellae
938 2346 1051 2394 fixae
1093 2345 1233 2409 quasi
1268 2352 1476 2393 comatae
1500 2344 1602 2393 sive

205 2423 396 2472 crinitae
419 2427 672 2486 apparent.
749 2421 879 2469 Nam
901 2421 999 2470 illae
1025 2429 1229 2486 propter
1266 2421 1601 2484 exiguitatem,

203 2499 283 2548 hae
322 2505 527 2563 propter
561 2497 813 2561 ingentem
837 2497 1136 2556 distantiam,
1175 2498 1407 2545 emittunt
1441 2497 1605 2546 radios

205 2576 258 2624 in
282 2573 479 2624 oculum
502 2574 592 2622 sub
609 2574 788 2637 angulo
808 2574 1076 2622 insensibili
1093 2595 1105 2630 ;
1140 2573 1349 2637 ideoque
1366 2580 1603 2638 tanquam

208 2650 419 2700 totidem
440 2657 628 2714 puncta
661 2657 900 2713 apparent
924 2650 1238 2714 undiquaque
1261 2649 1601 2714 multiplicata.

276 2725 559 2775 Constituta
593 2725 724 2773 linea
764 2725 950 2784 visuali,
992 2733 1042 2774 et
1078 2742 1188 2789 quae
1227 2725 1343 2774 inde
1378 2726 1604 2774 oriuntur
1622 2733 1668 2761 De
1681 2715 1868 2772 perceptione

207 2800 558 2868 phaenomenis,
591 2801 808 2849 dicemus
840 2802 944 2864 jam
979 2801 1039 2849 de
1074 2802 1392 2866 perceptione
1427 2809 1605 2850 motus.
1620 2779 1726 2805 mm

210 2877 476 2928 Sciendum
515 2876 668 2941 igitur
691 2886 780 2937 est,
817 2877 951 2941 quod
985 2884 1119 2926 moto
1154 2885 1269 2927 ante
1293 2878 1488 2927 oculum
1523 2878 1607 2926 ob-
