2020 3262
582 229 653 263 DE
680 229 1029 275 AFFECTIBUS,
1055 229 1171 263 E'rc,
1495 220 1584 264 109

201 338 351 387 modo
388 339 710 405 intelligitur3
748 348 797 390 et
818 342 1014 405 utrique
1038 341 1184 389 modo
1225 340 1351 388 inest
1374 341 1584 388 benevo-

201 414 365 463 lentia.
437 415 534 463 Sed
570 433 669 464 uno
706 416 852 464 modo
890 416 1172 464 nominatur
1214 431 1351 463 amor
1389 415 1583 478 quando

201 491 359 549 nobis,
402 491 497 540 alio
545 491 739 555 quando
775 491 881 539 aliis
925 492 1050 539 bene
1097 491 1336 539 volumus.
1412 491 1584 554 Itaque

201 566 344 615 aliter
369 567 568 626 vicinus,
593 567 732 615 aliter
750 567 912 615 vicina
935 567 1089 615 amari
1114 567 1238 615 solet
1259 585 1269 614 :
1306 582 1421 614 nam
1445 567 1583 613 illum

162 658 165 660 ·
201 643 427 696 amando,
445 643 537 698 illi;
562 643 689 690 hanc
705 643 930 701 amando,
946 643 1087 691 nobis
1105 644 1285 690 bonum
1307 642 1584 706 quaerimus.

268 719 394 766 Item
417 734 553 767 amor
583 717 728 766 famae
753 719 851 766 sive
890 718 1186 766 celebritatis
1225 718 1355 765 inter
1392 725 1584 781 pertur-

199 794 436 852 bationes,
461 794 501 842 si
534 794 712 842 nimius
746 794 824 853 sit,
856 794 1111 858 ponendus
1137 802 1237 850 est;
1275 793 1361 842 sed
1393 794 1586 853 modus,

199 876 303 918 tam
325 870 377 918 in
401 869 668 933 cupiditate
692 869 836 917 famae
861 885 1007 932 quam
1030 869 1080 917 in
1117 869 1387 934 cupiditate
1411 877 1585 917 caeter-

200 961 340 994 arum
357 961 521 993 rerum
540 952 867 1004 externarum,
887 952 963 992 est
979 945 1164 994 utilitas
1182 966 1194 1002 ;
1230 961 1406 1010 nempe
1426 945 1588 1010 quoad

198 1021 427 1086 praesidio
465 1037 570 1069 esse
609 1027 830 1084 possunt.
901 1021 1007 1069 Etsi
1040 1022 1170 1069 enim
1213 1022 1273 1070 de
1310 1022 1441 1070 fama
1475 1028 1588 1086 post

198 1104 408 1146 mortem
430 1114 530 1145 non
569 1097 848 1160 injucunde,
870 1113 961 1145 nec
993 1098 1100 1146 aliis
1137 1099 1380 1147 inutiliter
1404 1098 1587 1162 cogita-

199 1190 323 1233 mus,
347 1173 562 1222 fallimur
599 1181 779 1232 tamen,
822 1174 1057 1230 futurum,
1094 1175 1225 1238 quod
1265 1175 1452 1223 sensuri
1488 1191 1587 1223 non

201 1265 367 1298 sumus
382 1255 467 1298 aut
480 1249 618 1312 parvi
633 1250 935 1309 aestimaturi,
952 1252 1338 1314 contemplantes
1353 1258 1588 1315 tanquam

200 1341 432 1389 praesens.
469 1324 606 1373 Idem
631 1326 762 1373 enim
780 1325 1001 1386 facimus,
1022 1343 1079 1374 ac
1099 1327 1140 1375 si
1163 1328 1274 1376 ideo
1294 1328 1586 1387 doleremus,

200 1401 333 1465 quod
357 1401 571 1449 celebres
594 1417 695 1449 non
717 1401 896 1450 fuimus
920 1410 1182 1466 antequam
1206 1420 1420 1452 essemus
1443 1404 1562 1452 nati.

266 1483 314 1526 9.
352 1477 438 1525 Sui
478 1477 737 1525 aestimatio
786 1477 937 1525 nimia
976 1479 1216 1527 rationem
1258 1479 1491 1543 impedit3
1537 1487 1587 1528 et

197 1562 458 1618 propterea
480 1553 629 1600 animi
651 1553 955 1616 perturbatio
981 1561 1071 1612 est,
1090 1555 1139 1601 in
1159 1571 1255 1618 qua
1274 1555 1586 1603 efferentibus

201 1645 253 1677 se
298 1628 548 1692 spiritibus
595 1627 882 1675 animalibus
924 1635 1089 1676 tumor
1137 1629 1335 1692 quidam
1380 1630 1588 1678 sentitur

199 1705 351 1768 ipsius
382 1703 546 1752 animi.
619 1704 709 1751 Cui
740 1705 985 1752 contraria
1019 1706 1180 1768 passio
1218 1713 1291 1754 est
1321 1706 1588 1754 diffidentia

199 1780 352 1828 nimia
375 1780 474 1828 sive
511 1780 662 1827 animi
698 1780 984 1829 contractio.
1055 1782 1228 1846 Itaque
1251 1782 1324 1831 his
1359 1783 1584 1842 solitudo,

199 1855 294 1904 illis
317 1855 593 1919 frequentia
614 1855 867 1903 hominum
884 1855 1078 1919 placere
1103 1858 1240 1905 solet.
1312 1858 1397 1906 Sui
1421 1865 1586 1906 autem

201 1932 460 1981 aestimatio
474 1932 609 1995 justa
621 1932 925 1994 perturbatio
941 1949 1039 1980 non
1056 1940 1145 1993 est,
1166 1934 1252 1982 sed
1265 1935 1414 1982 animi
1430 1941 1585 1983 status

200 2008 242 2056 is
274 2007 359 2072 qui
381 2023 484 2055 esse
520 2006 680 2055 debet.
753 2007 851 2056 Qui
882 2015 1048 2056 autem
1079 2017 1212 2058 recte
1250 2026 1302 2058 se
1326 2011 1584 2071 aestimant,

201 2100 262 2132 ex
296 2083 438 2132 factis
475 2083 573 2131 suis
607 2084 866 2147 praeteritis
903 2101 953 2132 se
985 2085 1243 2146 aestimant,
1278 2087 1444 2152 itaque
1477 2104 1586 2152 quae

199 2160 376 2218 fecere,
400 2159 578 2207 iterum
608 2166 800 2208 tentare
838 2160 1035 2209 audent.
1108 2162 1206 2211 Qui
1228 2179 1345 2212 vero
1381 2165 1586 2212 nimium

201 2252 252 2284 se
277 2235 536 2294 aestimant,
554 2235 632 2283 vel
651 2237 845 2299 fingunt
864 2253 915 2285 se
938 2253 1043 2285 esse
1076 2239 1207 2301 quod
1229 2256 1329 2288 non
1361 2248 1492 2300 sunt,
1508 2241 1587 2289 vel

201 2311 407 2360 credunt
443 2311 790 2371 adulatoribus,
815 2329 927 2360 cum
957 2320 1159 2362 ventum
1183 2322 1258 2363 est
1287 2316 1351 2364 ad
1372 2317 1589 2380 pericula

200 2387 307 2452 ipsa
330 2387 504 2436 animis
524 2387 772 2436 deficiunt.

274 2469 348 2513 10.
386 2463 564 2512 Dolere
588 2464 650 2511 ob
674 2463 856 2512 malum
879 2464 1106 2524 alienum,
1132 2466 1184 2514 id
1215 2474 1302 2527 est,
1328 2468 1588 2517 condolere

202 2539 302 2588 sive
326 2538 557 2603 compati,
583 2539 635 2587 id
667 2547 755 2598 est,
780 2539 962 2588 malum
993 2541 1206 2590 alienum
1243 2544 1335 2591 sibi
1366 2544 1588 2593 accidere

200 2631 343 2680 posse
378 2615 652 2679 imaginari,
676 2615 1009 2665 misericordia
1042 2617 1236 2667 dicitur.
1308 2620 1479 2683 Itaque
1503 2622 1588 2685 qui

203 2691 439 2740 similibus
478 2691 618 2739 malis
660 2691 841 2739 assueti
881 2699 1012 2752 sunt,
1054 2689 1209 2758 magis
1250 2703 1364 2743 sunt
1400 2696 1588 2745 miseri-

205 2767 407 2822 cordes3
445 2775 495 2815 et
519 2774 706 2815 contra.
777 2768 906 2816 Nam
928 2769 1111 2818 malum
1142 2770 1274 2834 quod
1298 2771 1404 2834 quis
1427 2772 1587 2821 minus

205 2850 432 2907 expertus
457 2850 545 2903 est,
569 2844 731 2892 minus
754 2844 931 2893 metuit
954 2845 1059 2894 sibi.
1130 2847 1270 2906 Item,
1296 2863 1478 2907 eorum,
1504 2849 1587 2914 qui

1638 362 1764 394 SECT.
1781 362 1832 394 11.

1715 414 1763 443 12.

1625 1498 1678 1527 Sui
1691 1498 1849 1528 aestimatio.

1624 2482 1834 2512 Misericordia.
