2020 3262
507 291 578 326 DE
607 290 848 326 omucns
876 290 1298 327 IMPERANTIUM.
1505 281 1600 327 309

193 407 399 457 bertatis
428 424 489 457 ex
524 409 656 458 bono
680 409 861 458 civium
895 415 944 456 et
980 408 1192 456 civitatis
1230 407 1470 471 capienda
1509 414 1599 456 est.

196 484 380 545 Quare,
428 493 600 534 contra
646 485 859 534 officium
905 500 1090 541 eorum,
1138 483 1222 547 qui
1267 484 1511 547 imperant
1551 492 1602 532 et

194 561 360 626 legum
382 561 699 611 ferendarum
728 561 1075 610 auctoritatem
1105 559 1305 616 habent,
1339 559 1391 606 in
1428 559 1600 622 primis

196 644 286 697 est,
309 644 368 686 ut
391 637 555 702 plures
579 638 711 702 leges
736 637 836 686 sint
861 653 1009 701 quam
1032 635 1095 685 ad
1118 637 1306 684 bonum
1332 635 1513 683 civium
1546 644 1598 684 et

193 713 406 779 civitatis
441 714 717 762 necessario
763 713 1024 762 conducat.
1095 712 1227 761 Nam
1269 728 1383 760 cum
1421 711 1482 759 de
1524 728 1599 771 eo,

194 789 328 853 quod
350 789 513 838 facere
535 790 614 839 vel
632 807 735 839 non
766 790 928 839 facere
949 789 1148 849 debent,
1169 789 1347 852 saepius
1370 803 1459 852 per
1481 788 1601 836 rati-

192 882 337 914 onem
350 867 627 915 naturalem
647 884 796 932 quam
809 883 899 931 per
914 866 1172 915 scientiam
1189 866 1356 930 legum
1373 863 1599 913 homines

192 942 462 991 deliberare
486 943 703 1001 soleant;
738 944 824 991 ubi
856 943 990 1006 leges
1027 942 1193 1006 plures
1219 948 1332 990 sunt
1358 957 1507 1004 quam
1542 947 1600 988 ut

191 1035 362 1068 earum
384 1019 528 1068 facile
562 1020 842 1068 meminisse
878 1019 1138 1083 possimus,
1164 1025 1215 1066 et
1249 1033 1338 1082 per
1372 1033 1454 1064 eas
1483 1033 1599 1080 pro-

188 1095 423 1144 hibentur
439 1112 513 1156 ea,
535 1113 644 1160 quae
662 1096 790 1144 ratio
804 1112 894 1160 per
911 1111 964 1143 se
981 1111 1083 1143 non
1099 1094 1331 1159 prohibet
1348 1114 1360 1148 ς
1396 1109 1598 1141 necesse

190 1179 266 1221 est
288 1180 346 1220 ut
365 1188 457 1236 per
479 1172 827 1236 ignorantiam,
853 1171 956 1220 sine
997 1170 1099 1218 ulla
1120 1187 1275 1235 prava
1298 1169 1591 1229 intentione,

189 1247 411 1296 incidant
433 1255 599 1296 tamen
616 1248 668 1296 in
691 1248 840 1312 leges,
860 1255 1097 1310 tanquam
1114 1246 1167 1295 in
1180 1247 1398 1311 laqueos,
1425 1252 1599 1294 contra

187 1323 467 1372 libertatem
490 1324 756 1384 innoxiam,
782 1341 930 1389 quam
953 1324 1253 1388 imperantes
1272 1324 1458 1372 civibus
1478 1340 1596 1372 con-

189 1415 383 1449 servare
407 1400 516 1465 lege
538 1401 754 1450 naturali
777 1402 1076 1465 obligantur.

1642 427 1770 461 SECT.
1794 427 1863 461 111.

1729 479 1781 510 13.
1878 523 1884 529 ⁸

260 1481 336 1525 16.
371 1475 660 1526 Libertatis
684 1478 871 1526 civitati
904 1477 1135 1536 innoxiae,
1167 1483 1218 1525 et
1241 1476 1446 1540 singulis
1478 1476 1597 1526 civi-
1614 1484 1724 1514 Poems
1738 1495 1798 1514 ¹10⁰
1811 1495 1868 1515 πια-

1608 1529 1689 1567 jores
1707 1530 1874 1564 sumendas,

186 1553 278 1601 bus
318 1553 383 1601 ad
420 1552 566 1602 beate
610 1554 876 1602 vivendum
920 1553 1212 1601 necessariae
1253 1569 1369 1616 pars
1415 1569 1598 1618 magna
1613 1582 1703 1611 quam
1717 1583 1783 1612 quae
1796 1573 1864 1611 legi-

185 1629 338 1678 etiam
362 1636 452 1690 est,
475 1638 533 1678 ut
562 1647 723 1694 poenae
764 1630 914 1679 nullae
946 1629 1181 1678 timendae
1216 1629 1332 1687 sint,
1356 1630 1451 1678 nisi
1475 1647 1596 1694 quas

183 1706 455 1771 praevidere
473 1713 560 1755 aut
577 1713 863 1770 exspectare
882 1706 1086 1770 possint.
1135 1706 1405 1754 Praestatur
1429 1714 1597 1755 autem

184 1783 297 1844 hoc,
321 1784 407 1832 ubi
428 1783 508 1832 vel
529 1783 679 1832 nullae
703 1783 903 1832 omnino
938 1799 1101 1846 poenae
1137 1782 1329 1846 legibus
1354 1782 1591 1832 definiun-

185 1866 284 1920 tur,
308 1861 387 1909 vel
408 1861 620 1924 majores
644 1859 860 1908 definitis
883 1875 984 1907 non
1008 1859 1288 1923 exiguntur.
1330 1859 1429 1907 Ubi
1447 1860 1596 1909 nullae

187 1936 505 1994 definiuntur,
541 1936 611 1985 ibi
642 1936 697 1996 is,
724 1936 810 2000 qui
846 1935 1032 2000 primus
1068 1936 1230 1999 legem
1260 1941 1595 2000 transgressus

186 2019 277 2073 est,
310 2029 509 2077 poenam
533 2019 787 2076 exspectat
809 2011 1117 2060 indefinitam
1140 2011 1242 2059 sive
1265 2011 1595 2077 arbitrariam,

186 2089 576 2155 supponiturque
611 2096 773 2137 metus
802 2089 907 2152 ejus
942 2088 1178 2148 infinitus,
1203 2087 1319 2152 quia
1343 2089 1462 2137 mali
1485 2089 1595 2137 infi-

183 2165 293 2215 niti.
363 2165 594 2230 Praecipit
627 2173 792 2213 autem
824 2164 903 2212 lex
941 2171 1133 2213 naturae
1167 2164 1243 2222 iis,
1283 2165 1368 2229 qui
1402 2165 1594 2229 legibus

183 2241 408 2291 civilibus
454 2258 555 2291 non
603 2241 948 2305 subjiciuntur,
990 2257 1079 2305 per
1125 2257 1184 2289 ea
1231 2257 1341 2304 quae
1382 2240 1594 2290 diximus

183 2320 344 2384 capite
381 2319 530 2367 tertio
568 2318 777 2367 articulo
814 2317 1095 2377 undecim0,
1146 2317 1356 2382 ideoque
1390 2319 1592 2367 summis

182 2395 552 2460 imperantibuS‚
576 2396 630 2444 in
652 2394 839 2443 ultione
880 2401 930 2443 et
964 2394 1124 2458 poenis
1161 2394 1428 2453 sumendiS,
1454 2411 1592 2460 spec-

182 2473 390 2522 tandum
426 2489 532 2521 esse
559 2489 662 2520 non
694 2472 879 2520 malum
915 2471 1236 2535 praeteritum,
1280 2471 1368 2519 sed
1403 2472 1590 2521 bonum

181 2549 432 2598 futurum:
458 2554 763 2614 peccantque
780 2563 1035 2612 poenarum
1053 2548 1426 2596 arbitrariarum
1442 2548 1589 2597 aliam

181 2624 462 2675 mensuram
507 2625 763 2684 habentes,
813 2641 961 2688 quam
1006 2624 1271 2673 utilitatem
1322 2625 1585 2688 publicam.

183 2701 282 2750 Ubi
315 2718 432 2751 vero
460 2718 610 2767 poena
638 2701 842 2749 definita
878 2708 968 2760 est,
1002 2700 1103 2748 sive
1134 2701 1242 2764 lege
1279 2702 1583 2765 praescripta,

180 2784 241 2826 ut
261 2779 457 2843 quando
481 2778 644 2828 verbis
665 2778 859 2826 disertis
882 2776 1100 2841 ponitur,
1126 2778 1213 2843 qui
1236 2777 1312 2825 sie
1317 2777 1483 2842 facit,
1508 2779 1584 2827 sie

169 2854 406 2917 patietur
421 2873 440 2911 ;
475 2855 577 2903 sive
613 2854 769 2918 praxi,
809 2861 867 2901 ut
908 2852 1105 2917 quando
1142 2869 1304 2917 poena,
1340 2853 1449 2918 lege
1480 2870 1581 2904 non

1634 1626 1670 1645 us
1687 1617 1842 1656 praefiuitae

1613 1664 1693 1690 sunt.
