2020 3262
383 249 455 283 DE
482 248 684 283 TRIBUS
711 247 1018 282 CIVITATUM
1047 246 1367 283 sPEcmBUS.
1471 239 1567 290 247

171 361 517 425 praescriptum
534 362 644 425 jure
667 359 912 418 convenit,
932 366 1095 422 potest
1118 359 1327 407 eundem
1350 361 1570 428 imperi0,
1605 385 1733 418 sacr,
1754 386 1824 418 111,

175 436 218 485 si
240 437 377 497 velit,
402 437 624 501 spoliare.
695 436 917 499 Denique
951 451 1053 494 rex,
1079 435 1163 498 qui
1196 436 1454 499 imperium
1488 439 1571 487 ad·
1626 483 1630 490 ,
1705 437 1733 469 ⁷·

173 512 551 563 ministrandum
598 513 680 562 alii
725 511 878 562 tradit
924 511 1041 559 dum
1086 511 1189 574 ipse
1236 511 1431 571 dormit,
1478 530 1570 562 nec

172 588 405 653 evigilare
435 587 616 652 potest,
639 588 733 636 nisi
768 588 810 636 is
847 587 927 635 cui
966 585 1203 634 traditum
1237 594 1314 634 est
1347 587 1570 648 voluerit,

179 680 284 713 una
314 664 530 729 perdidit
551 664 810 729 imperium
835 680 947 712 cum
970 662 1101 718 vita;
1138 662 1207 710 sic
1226 662 1462 727 populus,
1489 664 1572 727 qui

172 740 450 790 manare-hee
475 740 784 806 temporari-o
816 739 1077 804 imperium
1118 738 1379 797 commisit,
1414 739 1486 787 ita
1516 747 1573 788 ut

172 816 362 880 injussu
397 818 502 880 ejus
532 832 633 865 11011
674 816 830 880 possit
854 816 1032 864 iterum
1063 814 1340 874 convenire,
1375 815 1572 879 penitus

171 891 435 941 dissolutus
458 899 548 952 est,
573 900 836 955 manetque
859 891 1117 956 imperium
1136 906 1285 954 penes
1309 890 1536 939 electum.

243 969 319 1022 17.
355 967 641 1016 Monareha
665 968 705 1015 si
730 966 848 1031 quid
862 966 1161 1032 promiserit
1185 966 1295 1026 civi,
1318 966 1398 1015 vel
1418 967 1571 1030 pluri·
1587 976 1760 1028 Monarcpm

169 1043 262 1099 bus
298 1043 446 1093 simul
486 1043 689 1103 civibus,
726 1050 929 1107 propter
971 1042 1105 1107 quod
1138 1058 1226 1106 per
1266 1023 1836 1106 consequensirsstssssrti‘i,³1¹1¹ssin-

169 1134 412 1173 summum
434 1119 692 1183 imperium
715 1119 932 1167 exerceri
954 1135 1056 1168 non
1073 1126 1256 1182 potest,
1266 1119 1568 1183 promissum
1584 1107 1727 1188 ζῗὲξξζζξζ
1745 1107 1836 1180 ζέζζ

168 1194 292 1244 1111111
305 1194 406 1244 sive
414 1201 640 1260 pactum,
651 1196 816 1259 jurato
835 1195 914 1244 vel
930 1196 1143 1259 injurato
1157 1195 1359 1256 factum,
1376 1195 1567 1244 irritum
1585 1195 1686 1266 ἓξὲξ
1699 1195 1836 1276 jffimffi

169 1278 265 1320 est.
330 1271 542 1320 Paetum
565 1271 696 1319 enim
720 1279 795 1320 est
813 1272 936 1336 juris
958 1272 1231 1331 translatio,
1257 1288 1366 1335 quae
1388 1288 1476 1336 per
1495 1289 1567 1332 ea,
1586 1283 1663 1310 rium
1683 1282 1853 1311 necessaria-

131 1406 134 1408 q
171 1362 283 1410 quae
301 1346 482 1411 (capite
502 1347 733 1406 secundo,
753 1347 959 1396 articulo
974 1348 1027 1410 4)
1054 1348 1188 1396 dieta
1210 1355 1339 1407 sunt,
1364 1348 1571 1412 requirit

171 1423 317 1487 signa
338 1422 518 1472 idonea
537 1424 804 1472 voluntatis
826 1424 878 1471 in
902 1424 1245 1473 transferente.
1332 1424 1431 1473 Qui
1453 1440 1570 1473 vero

169 1499 467 1549 sufficienter
504 1499 749 1563 significat
787 1501 1093 1549 voluntatem
1126 1500 1371 1549 retinendi
1405 1501 1569 1560 finem,

169 1575 469 1625 sufficienter
501 1576 720 1625 declarat
754 1593 805 1625 se
845 1593 947 1625 11011
991 1577 1227 1626 decedere
1266 1576 1328 1624 de
1360 1578 1472 1640 jure
1508 1577 1572 1625 ad

86 1643 94 1651 ’
169 1651 334 1705 media
356 1651 421 1700 ad
438 1668 550 1700 eum
566 1653 716 1701 finem
738 1653 1028 1701 necessaria.
1062 1653 1092 1701 J
1094 1669 1174 1701 am
1196 1669 1328 1712 vero,
1353 1653 1437 1716 qui
1458 1668 1572 1716 pro-

171 1727 307 1776 misit
331 1727 534 1792 aliquod
554 1729 885 1777 necessarium
926 1729 991 1777 ad
1025 1745 1256 1776 summum
1294 1729 1570 1793 imperium,

171 1803 333 1867 ipsum
365 1812 529 1852 tamen
555 1804 817 1869 imperium
851 1805 1049 1864 retinet,
1077 1804 1193 1852 satis
1229 1803 1408 1853 idonea
1432 1804 1573 1868 signa

173 1878 260 1929 dat
293 1895 346 1928 se
385 1895 489 1928 11011
522 1879 667 1928 aliter
700 1880 998 1944 promisisse,
1032 1881 1128 1929 nisi
1166 1886 1407 1944 quatenus
1443 1897 1570 1928 sum-

171 1972 297 2008 mum
333 1955 594 2021 imperium
632 1957 736 2005 sine
769 1973 828 2006 eo
851 1957 1054 2006 retineri
1086 1964 1265 2020 potest.
1337 1956 1572 2006 Quando-

172 2047 368 2096 cunque
408 2032 562 2096 igitur
592 2033 874 2096 apparuerit
907 2033 975 2092 id,
1000 2032 1133 2097 quod
1164 2032 1457 2096 promissum
1481 2039 1569 2092 est,

179 2108 406 2172 praestari
428 2123 529 2157 non
550 2124 693 2172 posse
730 2109 864 2157 salvo
897 2125 1078 2157 summo
1114 2108 1342 2173 imperio,
1364 2109 1570 2173 promis-

172 2199 282 2232 sum
319 2199 410 2248 pro
448 2201 549 2233 non
585 2185 841 2248 promisso,
865 2183 918 2232 id
948 2191 1039 2244 est,
1077 2184 1345 2233 invalidum
1381 2185 1570 2234 censeri

170 2259 336 2314 debet.

170 2315 173 2319 .
245 2341 320 2385 18.
343 2335 568 2384 Vidimus
585 2352 682 2399 quo
699 2336 846 2385 modo
861 2336 990 2386 cives
1004 2344 1183 2386 natura
1205 2337 1423 2386 dictante
1446 2338 1569 2386 obli-
1586 2349 1703 2383 Quibus
1715 2348 1809 2378 modis

162 2414 353 2477 'garunt
392 2428 444 2460 se
483 2413 667 2461 mutuis
707 2413 865 2477 pactis
912 2412 976 2461 ad
1021 2413 1347 2462 obediendum
1386 2429 1567 2461 summo
1585 2402 1663 2466 {331¹ss
1674 2394 1823 2466 ιῗῖξὲἷῖᾆπ.

172 2488 399 2554 imperio.
468 2488 749 2537 Videndum
779 2505 927 2553 porro
964 2496 1052 2549 est,
1078 2490 1253 2553 quibus
1277 2489 1436 2538 modis
1460 2490 1568 2544 fieri

171 2572 350 2629 potest,
367 2571 425 2612 ut
447 2564 740 2613 obedientiae
754 2565 1034 2628 hujusmodi
1057 2565 1263 2614 vinculis
1280 2567 1565 2614 liberentur.

173 2641 335 2690 Primo
359 2647 524 2689 autem
551 2639 605 2687 id
639 2641 696 2688 fit
733 2640 1069 2700 abdicatione,
1093 2641 1145 2689 id
1168 2648 1257 2700 est,
1282 2642 1323 2689 si
1358 2642 1465 2705 quis
1475 2643 1568 2706 jus

174 2716 379 2781 imperii
400 2733 502 2765 non
526 2716 578 2764 in
602 2716 752 2763 alium
775 2716 1024 2775 transfert,
1050 2716 1136 2764 sed
1168 2717 1338 2780 abjicit
1361 2718 1462 2765 sive
1487 2718 1570 2766 de-

173 2792 406 2856 relinquit
426 2810 437 2840 :
486 2808 601 2840 nam
642 2791 774 2855 quod
819 2791 1061 2854 abjicitur,
1104 2792 1156 2839 in
1192 2792 1406 2840 medium
1430 2809 1568 2858 aeque

176 2867 400 2917 omnibus
436 2867 724 2932 rapiendum
760 2867 1044 2931 projicitur:
1082 2869 1212 2918 unde
1247 2869 1426 2918 iterum
1454 2871 1567 2934 jure
