2020 3262
219 423 347 456 SECT.
368 424 436 456 111.

314 473 343 507 7.

479 282 577 324 246
1005 295 1306 330 IMPERIUM.

477 408 558 450 tur
580 403 786 466 populus
811 406 975 453 statim
999 407 1196 455 dissolvi
1215 429 1227 463 ;
1263 406 1615 470 imperiumque
1633 407 1737 470 ejus
1755 422 1869 455 esse·

477 478 711 538 absolute,
737 480 819 542 qui
859 481 927 528 sic
968 481 1273 530 declaratur:
1309 487 1570 545 propterea
1592 482 1725 545 quod
1757 498 1858 531 non

234 567 280 595 ne
293 568 460 596 monarchis
477 561 551 602 est
573 554 624 602 in
657 562 898 618 potestate
933 557 1111 604 civium
1146 565 1203 605 ut
1238 557 1408 604 civitas
1444 564 1742 615 renascatur,
1764 557 1859 605 nisi

234 611 272 639 ad
286 613 407 648 tempus.

475 629 593 677 velit
628 630 669 677 is
704 630 787 693 qui
826 631 1083 694 imperium
1119 632 1247 679 solus
1279 632 1443 678 habet.
1513 631 1686 694 Neque
1707 631 1860 679 refert

476 704 607 767 quod
629 706 841 767 potuerit
858 707 1144 769 promittere
1163 723 1213 754 se
1237 706 1365 754 cives
1390 706 1536 753 certis
1559 707 1866 769 temporibus>

476 787 870 840 convocaturum,
913 797 1025 828 cum
1063 797 1163 829 non
1203 789 1338 829 extet
1372 781 1490 843 jam,
1527 781 1621 828 nisi
1640 781 1859 830 ¹arbitrio

475 857 595 918 ejus,
610 871 836 919 persona
861 856 939 903 cui
961 857 1252 919 promissum
1271 863 1362 903 est.
1431 857 1555 904 Quae
1573 855 1780 904 diximus
1798 856 1862 905 de

477 937 686 993 quatuor
700 930 948 993 praedictis
973 932 1163 978 casibus
1176 931 1378 995 populi,
1403 931 1717 996 monarcham
1742 937 1859 979 tem-

465 1005 734 1070 porarium
757 1006 995 1069 eligentis,
1012 1007 1202 1069 plenius
1226 1006 1596 1069 explicabuntur
1617 1021 1705 1069 per
1728 1022 1861 1055 com-

475 1081 781 1144 parationem
827 1098 939 1129 cum
983 1082 1252 1129 monarcha
1294 1081 1537 1140 absoluto,
1585 1082 1664 1129 cui
1699 1082 1862 1130 nullus

475 1163 678 1220 apparet
722 1157 893 1204 haeres.
974 1156 1200 1221 Populus
1247 1157 1377 1204 enim
1423 1156 1645 1204 dominus
1685 1157 1862 1205 civium

475 1232 586 1279 talis
611 1238 699 1290 est,
722 1239 779 1279 ut
801 1231 1062 1290 haeredem,
1086 1232 1179 1279 nisi
1203 1248 1349 1295 quem
1380 1232 1601 1279 nominat
1635 1232 1754 1295 ipse,
1777 1233 1864 1280 ha-

474 1307 591 1354 bere
630 1323 733 1354 non
765 1307 936 1370 possit.
1005 1308 1261 1366 Praeterea,
1287 1307 1542 1355 intervalla
1574 1307 1702 1355 inter
1738 1315 1862 1355 tem-

474 1398 595 1445 pora
631 1390 899 1430 conventus
924 1382 1102 1430 civium
1126 1383 1396 1445 comparari
1428 1389 1631 1445 possunt
1653 1382 1715 1430 ad
1738 1390 1862 1430 tem·
1907 1411 1911 1415 ‹

472 1472 596 1520 pora
641 1456 913 1505 dormiendi
955 1457 1007 1504 in
1052 1457 1334 1505 monarcha.
1410 1458 1683 1520 Utrobique
1731 1457 1862 1505 enim

475 1538 620 1579 actus
638 1532 913 1595 imperandi
937 1539 1143 1591 cessant,
1166 1533 1394 1596 potentia
1411 1532 1664 1580 retinetur.
1716 1532 1864 1580 Deni-

476 1623 570 1670 que
603 1608 675 1655 ita
709 1607 905 1655 dissolvi
934 1615 1244 1666 conventum,
1268 1615 1325 1655 ut
1359 1623 1458 1656 non
1491 1607 1646 1671 possit
1683 1608 1863 1655 iterum

478 1683 756 1742 convenire,
780 1699 913 1731 mors
950 1683 1119 1747 populi
1156 1690 1261 1731 est:
1297 1683 1423 1730 sicut
1456 1683 1527 1730 ita
1563 1683 1773 1730 dormire
1806 1689 1864 1731 ut

478 1774 728 1821 nunquam
751 1758 952 1822 vigilare
975 1758 1144 1822 possit,
1163 1774 1294 1807 mors
1316 1758 1526 1806 hominis
1551 1764 1640 1806 est.
1679 1758 1864 1808 Quem-

479 1833 744 1900 admodum
779 1834 932 1897 igitur
959 1850 1061 1893 rex,
1095 1834 1174 1881 cui
1206 1833 1363 1881 haeres
1385 1833 1546 1881 nuilus
1569 1840 1659 1892 est,
1684 1833 1865 1881 dormi-

478 1915 617 1956 turus
640 1909 711 1956 ita
732 1916 789 1956 ut
810 1925 1063 1972 nunquam
1098 1908 1251 1972 possit
1275 1909 1630 1972 expergiscere,
1653 1908 1749 1956 hoc
1772 1915 1862 1966 est,

478 1985 757 2043 moriturus,
782 1985 823 2032 si
845 1985 996 2032 tradit
1018 1985 1164 2032 alicui
1187 2000 1429 2032 summum
1451 1983 1708 2047 imperium
1731 1998 1866 2031 exer-

480 2059 690 2108 cendum
714 2060 868 2108 donec
892 2060 1206 2123 evigilaverit,
1224 2060 1375 2108 tradit
1389 2059 1434 2107 ei
1456 2075 1545 2122 per
1562 2072 1864 2121 consequens

480 2135 833 2183 successionem
852 2156 864 2190 3
900 2135 970 2182 ita
993 2151 1185 2198 quoque
1199 2134 1438 2199 populus,
1456 2134 1538 2197 qui
1552 2133 1865 2181 monarcham

479 2210 829 2273 temporarium
866 2209 1048 2272 eligens
1089 2210 1232 2257 simul
1265 2209 1423 2257 aufert
1447 2209 1538 2256 sibi
1572 2213 1864 2271 potestatem

480 2285 817 2344 conveniendi,
837 2285 989 2332 tradit
1011 2285 1105 2348 ipsi
1128 2285 1397 2334 dominium
1421 2284 1645 2332 civitatis.
1696 2284 1863 2341 Porro,

480 2369 537 2409 ut
559 2377 661 2419 rex,
687 2361 771 2424 qui
794 2361 1089 2409 dormiturus
1107 2362 1158 2408 in
1176 2369 1368 2424 tempus
1386 2359 1598 2423 aliquod,
1622 2374 1864 2407 summum

480 2436 737 2500 imperium
759 2436 840 2484 alii
865 2436 950 2484 dat
989 2436 1442 2495 administrandum,
1466 2435 1597 2483 idem
1631 2450 1864 2498 experge-

481 2511 640 2559 factus
663 2512 838 2575 recipit
857 2533 868 2567 ;
907 2512 976 2559 sic
1006 2512 1243 2576 populus,
1268 2511 1533 2559 monarcha
1557 2510 1862 2574 temporario

481 2587 659 2646 electo,
699 2587 914 2635 retinens
955 2588 1034 2650 jus
1074 2587 1282 2635 coeundi
1322 2586 1385 2634 ad
1423 2592 1609 2633 certum
1650 2584 1779 2632 diem
1814 2591 1864 2632 et

481 2662 660 2721 locum,
686 2679 743 2710 eo
762 2662 839 2710 die
857 2662 1031 2725 recipit
1054 2662 1310 2725 imperium
1334 2676 1487 2709 suum.
1523 2661 1588 2707 Et
1611 2660 1737 2707 sicut
1759 2675 1862 2719 rex,

484 2738 567 2800 qui
590 2738 847 2800 imperium
881 2737 1319 2785 administrandum
1348 2736 1430 2783 alii
1466 2735 1615 2793 dedit,
1646 2735 1752 2798 ipso
1789 2736 1864 2782 in-

483 2820 619 2860 terea
640 2813 887 2876 vigilante,
911 2819 1074 2875 potest
1097 2813 1227 2859 idem
1249 2808 1475 2859 revocare
1499 2810 1693 2873 quando
1728 2810 1862 2864 vult;

480 2887 551 2934 ita
572 2888 796 2951 populus,
823 2888 905 2951 qui
928 2904 1015 2950 per
1046 2895 1237 2950 tempus
1261 2885 1535 2933 monarchae
1560 2885 1864 2949 temporario
