<?xml version="1.0" encoding="UTF-8"?>
<!DOCTYPE html PUBLIC "-//W3C//DTD XHTML 1.0 Transitional//EN"
    "http://www.w3.org/TR/xhtml1/DTD/xhtml1-transitional.dtd">
<html xmlns="http://www.w3.org/1999/xhtml" xml:lang="en" lang="en">
 <head>
  <title>
</title>
<meta http-equiv="Content-Type" content="text/html;charset=utf-8" />
  <meta name='ocr-system' content='tesseract 3.04.00' />
  <meta name='ocr-capabilities' content='ocr_page ocr_carea ocr_par ocr_line ocrx_word'/>
</head>
<body>
  <div class='ocr_page' id='page_1' title='image "./operaphilosophic02hobbuoft_0118.png"; bbox 0 0 2020 3262; ppageno 0'>
   <div class='ocr_carea' id='block_1_1' title="bbox 188 377 382 410">
    <p class='ocr_par' dir='ltr' id='par_1_1' title="bbox 188 377 382 410">
     <span class='ocr_line' id='line_1_1' title="bbox 188 377 382 410; baseline -0.01 0"><span class='ocrx_word' id='word_1_1' title='bbox 188 377 315 410; x_wconf 86' lang='lat' dir='ltr'>SECT.</span> <span class='ocrx_word' id='word_1_2' title='bbox 333 377 382 409; x_wconf 88' lang='lat'><strong>11.</strong></span> 
     </span>
    </p>
   </div>
   <div class='ocr_carea' id='block_1_2' title="bbox 265 429 312 459">
    <p class='ocr_par' dir='ltr' id='par_1_2' title="bbox 265 429 312 459">
     <span class='ocr_line' id='line_1_2' title="bbox 265 429 312 459; baseline -0.043 0"><span class='ocrx_word' id='word_1_3' title='bbox 265 429 312 459; x_wconf 86' lang='lat'><strong>12.</strong></span> 
     </span>
    </p>
   </div>
   <div class='ocr_carea' id='block_1_3' title="bbox 225 1872 375 1945">
    <p class='ocr_par' dir='ltr' id='par_1_3' title="bbox 225 1872 375 1945">
     <span class='ocr_line' id='line_1_3' title="bbox 226 1872 375 1901; baseline -0.007 0"><span class='ocrx_word' id='word_1_4' title='bbox 226 1872 375 1901; x_wconf 80' lang='lat' dir='ltr'>Gaudium</span> 
     </span>
     <span class='ocr_line' id='line_1_4' title="bbox 225 1916 373 1945; baseline -0.014 0"><span class='ocrx_word' id='word_1_5' title='bbox 225 1920 254 1945; x_wconf 81' lang='lat' dir='ltr'><strong>et</strong></span> <span class='ocrx_word' id='word_1_6' title='bbox 268 1916 373 1944; x_wconf 86' lang='lat' dir='ltr'><strong>odium.</strong></span> 
     </span>
    </p>
   </div>
   <div class='ocr_carea' id='block_1_4' title="bbox 192 2477 416 2515">
    <p class='ocr_par' dir='ltr' id='par_1_4' title="bbox 192 2477 416 2515">
     <span class='ocr_line' id='line_1_5' title="bbox 192 2477 416 2515; baseline -0.009 -9"><span class='ocrx_word' id='word_1_7' title='bbox 192 2477 264 2515; x_wconf 74' lang='lat' dir='ltr'><strong>Spes</strong></span> <span class='ocrx_word' id='word_1_8' title='bbox 277 2480 305 2505; x_wconf 85' lang='lat' dir='ltr'><strong>et</strong></span> <span class='ocrx_word' id='word_1_9' title='bbox 313 2478 416 2508; x_wconf 77' lang='lat' dir='ltr'><strong>metus.</strong></span> 
     </span>
    </p>
   </div>
   <div class='ocr_carea' id='block_1_5' title="bbox 438 237 1291 284">
    <p class='ocr_par' dir='ltr' id='par_1_5' title="bbox 438 237 1291 284">
     <span class='ocr_line' id='line_1_6' title="bbox 438 237 1291 284; baseline 0.007 -5"><span class='ocrx_word' id='word_1_10' title='bbox 438 237 525 280; x_wconf 88' lang='lat'><strong>104</strong></span> <span class='ocrx_word' id='word_1_11' title='bbox 959 248 1029 283; x_wconf 76' lang='lat' dir='ltr'><strong>DE</strong></span> <span class='ocrx_word' id='word_1_12' title='bbox 1052 250 1291 284; x_wconf 80' lang='lat' dir='ltr'><strong>HOMINE.</strong></span> 
     </span>
    </p>
   </div>
   <div class='ocr_carea' id='block_1_6' title="bbox 432 357 1840 2900">
    <p class='ocr_par' dir='ltr' id='par_1_6' title="bbox 432 357 1816 1471">
     <span class='ocr_line' id='line_1_7' title="bbox 434 357 1803 423; baseline 0.002 -19"><span class='ocrx_word' id='word_1_13' title='bbox 434 357 750 420; x_wconf 87' lang='lat' dir='ltr'><strong>objectorum,</strong></span> <span class='ocrx_word' id='word_1_14' title='bbox 775 374 883 422; x_wconf 89' lang='lat' dir='ltr'><strong>quae</strong></span> <span class='ocrx_word' id='word_1_15' title='bbox 914 360 1182 422; x_wconf 89' lang='lat' dir='ltr'><strong>appetimus</strong></span> <span class='ocrx_word' id='word_1_16' title='bbox 1213 360 1500 423; x_wconf 82' lang='lat' dir='ltr'><strong>fugimusve,</strong></span> <span class='ocrx_word' id='word_1_17' title='bbox 1527 358 1803 407; x_wconf 88' lang='lat' dir='ltr'><strong>diversitate</strong></span> 
     </span>
     <span class='ocr_line' id='line_1_8' title="bbox 434 433 1803 499; baseline 0.001 -18"><span class='ocrx_word' id='word_1_18' title='bbox 434 441 484 481; x_wconf 89' lang='lat' dir='ltr'><strong>et</strong></span> <span class='ocrx_word' id='word_1_19' title='bbox 506 433 891 482; x_wconf 84' lang='lat' dir='ltr'><strong>circumstantiis.</strong></span> <span class='ocrx_word' id='word_1_20' title='bbox 938 436 1179 484; x_wconf 83' lang='lat' dir='ltr'><strong>Dicuntur</strong></span> <span class='ocrx_word' id='word_1_21' title='bbox 1202 443 1364 483; x_wconf 89' lang='lat' dir='ltr'><strong>autem</strong></span> <span class='ocrx_word' id='word_1_22' title='bbox 1384 433 1803 499; x_wconf 75' lang='lat' dir='ltr'><strong>perturbationes,</strong></span> 
     </span>
     <span class='ocr_line' id='line_1_9' title="bbox 432 509 1806 574; baseline 0.001 -19"><span class='ocrx_word' id='word_1_23' title='bbox 432 515 690 571; x_wconf 88' lang='lat' dir='ltr'><strong>propterea</strong></span> <span class='ocrx_word' id='word_1_24' title='bbox 721 509 851 571; x_wconf 88' lang='lat' dir='ltr'><strong>quod</strong></span> <span class='ocrx_word' id='word_1_25' title='bbox 882 511 1099 559; x_wconf 90' lang='lat' dir='ltr'><strong>officiunt</strong></span> <span class='ocrx_word' id='word_1_26' title='bbox 1127 512 1413 574; x_wconf 89' lang='lat' dir='ltr'><strong>plerumque</strong></span> <span class='ocrx_word' id='word_1_27' title='bbox 1444 516 1590 557; x_wconf 90' lang='lat' dir='ltr'><strong>rectae</strong></span> <span class='ocrx_word' id='word_1_28' title='bbox 1612 509 1806 557; x_wconf 91' lang='lat' dir='ltr'><strong>ratioci-</strong></span> 
     </span>
     <span class='ocr_line' id='line_1_10' title="bbox 433 583 1806 642; baseline 0.001 -12"><span class='ocrx_word' id='word_1_29' title='bbox 433 583 632 631; x_wconf 85' lang='lat' dir='ltr'><strong>nationi.</strong></span> <span class='ocrx_word' id='word_1_30' title='bbox 674 584 904 632; x_wconf 88' lang='lat' dir='ltr'><strong>Officiunt</strong></span> <span class='ocrx_word' id='word_1_31' title='bbox 927 593 1089 633; x_wconf 88' lang='lat' dir='ltr'><strong>autem</strong></span> <span class='ocrx_word' id='word_1_32' title='bbox 1111 585 1466 634; x_wconf 86' lang='lat' dir='ltr'><strong>ratiocinationi</strong></span> <span class='ocrx_word' id='word_1_33' title='bbox 1488 591 1634 632; x_wconf 90' lang='lat' dir='ltr'><strong>rectae</strong></span> <span class='ocrx_word' id='word_1_34' title='bbox 1656 584 1708 631; x_wconf 88' lang='lat' dir='ltr'><strong>in</strong></span> <span class='ocrx_word' id='word_1_35' title='bbox 1731 600 1806 642; x_wconf 92' lang='lat' dir='ltr'><strong>eo,</strong></span> 
     </span>
     <span class='ocr_line' id='line_1_11' title="bbox 436 658 1810 724; baseline 0 -18"><span class='ocrx_word' id='word_1_36' title='bbox 436 658 568 722; x_wconf 89' lang='lat' dir='ltr'><strong>quod</strong></span> <span class='ocrx_word' id='word_1_37' title='bbox 592 666 763 707; x_wconf 90' lang='lat' dir='ltr'><strong>contra</strong></span> <span class='ocrx_word' id='word_1_38' title='bbox 793 660 975 707; x_wconf 91' lang='lat' dir='ltr'><strong>bonum</strong></span> <span class='ocrx_word' id='word_1_39' title='bbox 1004 677 1173 708; x_wconf 89' lang='lat' dir='ltr'><strong>verum</strong></span> <span class='ocrx_word' id='word_1_40' title='bbox 1203 678 1291 724; x_wconf 93' lang='lat' dir='ltr'><strong>pro</strong></span> <span class='ocrx_word' id='word_1_41' title='bbox 1322 667 1585 723; x_wconf 81' lang='lat' dir='ltr'><strong>apparente</strong></span> <span class='ocrx_word' id='word_1_42' title='bbox 1617 666 1666 707; x_wconf 91' lang='lat' dir='ltr'><strong>et</strong></span> <span class='ocrx_word' id='word_1_43' title='bbox 1687 674 1810 722; x_wconf 89' lang='lat' dir='ltr'><strong>prae-</strong></span> 
     </span>
     <span class='ocr_line' id='line_1_12' title="bbox 436 733 1810 799; baseline 0 -19"><span class='ocrx_word' id='word_1_44' title='bbox 436 733 708 781; x_wconf 89' lang='lat' dir='ltr'><strong>sentissimo</strong></span> <span class='ocrx_word' id='word_1_45' title='bbox 752 735 880 782; x_wconf 92' lang='lat' dir='ltr'><strong>bono</strong></span> <span class='ocrx_word' id='word_1_46' title='bbox 925 735 1149 794; x_wconf 89' lang='lat' dir='ltr'><strong>militant,</strong></span> <span class='ocrx_word' id='word_1_47' title='bbox 1191 736 1322 799; x_wconf 91' lang='lat' dir='ltr'><strong>quod</strong></span> <span class='ocrx_word' id='word_1_48' title='bbox 1361 736 1659 798; x_wconf 89' lang='lat' dir='ltr'><strong>plerumque,</strong></span> <span class='ocrx_word' id='word_1_49' title='bbox 1698 749 1810 796; x_wconf 92' lang='lat' dir='ltr'><strong>per-</strong></span> 
     </span>
     <span class='ocr_line' id='line_1_13' title="bbox 436 808 1809 872; baseline 0.001 -18"><span class='ocrx_word' id='word_1_50' title='bbox 436 808 597 871; x_wconf 85' lang='lat' dir='ltr'><strong>pensis</strong></span> <span class='ocrx_word' id='word_1_51' title='bbox 637 808 857 856; x_wconf 88' lang='lat' dir='ltr'><strong>omnibus</strong></span> <span class='ocrx_word' id='word_1_52' title='bbox 897 809 1154 872; x_wconf 85' lang='lat' dir='ltr'><strong>adjunctis,</strong></span> <span class='ocrx_word' id='word_1_53' title='bbox 1194 810 1438 858; x_wconf 89' lang='lat' dir='ltr'><strong>invenitur</strong></span> <span class='ocrx_word' id='word_1_54' title='bbox 1474 825 1578 857; x_wconf 89' lang='lat' dir='ltr'><strong>esse</strong></span> <span class='ocrx_word' id='word_1_55' title='bbox 1614 809 1809 857; x_wconf 92' lang='lat' dir='ltr'><strong>malum.</strong></span> 
     </span>
     <span class='ocr_line' id='line_1_14' title="bbox 438 883 1812 948; baseline 0 -18"><span class='ocrx_word' id='word_1_56' title='bbox 438 883 567 930; x_wconf 89' lang='lat' dir='ltr'><strong>Nam</strong></span> <span class='ocrx_word' id='word_1_57' title='bbox 603 898 663 930; x_wconf 88' lang='lat' dir='ltr'><strong>ex</strong></span> <span class='ocrx_word' id='word_1_58' title='bbox 697 883 880 931; x_wconf 89' lang='lat' dir='ltr'><strong>foedere</strong></span> <span class='ocrx_word' id='word_1_59' title='bbox 917 884 1064 931; x_wconf 90' lang='lat' dir='ltr'><strong>animi</strong></span> <span class='ocrx_word' id='word_1_60' title='bbox 1096 892 1144 932; x_wconf 91' lang='lat' dir='ltr'><strong>et</strong></span> <span class='ocrx_word' id='word_1_61' title='bbox 1175 885 1389 948; x_wconf 90' lang='lat' dir='ltr'><strong>corporis</strong></span> <span class='ocrx_word' id='word_1_62' title='bbox 1420 891 1508 943; x_wconf 89' lang='lat' dir='ltr'><strong>est,</strong></span> <span class='ocrx_word' id='word_1_63' title='bbox 1533 891 1589 931; x_wconf 90' lang='lat' dir='ltr'><strong>ut</strong></span> <span class='ocrx_word' id='word_1_64' title='bbox 1619 883 1812 931; x_wconf 90' lang='lat' dir='ltr'><strong>initium</strong></span> 
     </span>
     <span class='ocr_line' id='line_1_15' title="bbox 440 958 1815 1022; baseline 0.001 -18"><span class='ocrx_word' id='word_1_65' title='bbox 440 958 634 1020; x_wconf 88' lang='lat' dir='ltr'><strong>quidem</strong></span> <span class='ocrx_word' id='word_1_66' title='bbox 658 958 926 1020; x_wconf 84' lang='lat' dir='ltr'><strong>exequendi</strong></span> <span class='ocrx_word' id='word_1_67' title='bbox 957 960 1018 1006; x_wconf 90' lang='lat' dir='ltr'><strong>ab</strong></span> <span class='ocrx_word' id='word_1_68' title='bbox 1050 960 1284 1022; x_wconf 88' lang='lat' dir='ltr'><strong>appetitu,</strong></span> <span class='ocrx_word' id='word_1_69' title='bbox 1315 959 1568 1007; x_wconf 86' lang='lat' dir='ltr'><strong>consilium</strong></span> <span class='ocrx_word' id='word_1_70' title='bbox 1598 965 1760 1006; x_wconf 88' lang='lat' dir='ltr'><strong>autem</strong></span> <span class='ocrx_word' id='word_1_71' title='bbox 1783 974 1815 1004; x_wconf 91' lang='lat' dir='ltr'><strong>a</strong></span> 
     </span>
     <span class='ocr_line' id='line_1_16' title="bbox 439 1033 1815 1097; baseline 0 -18"><span class='ocrx_word' id='word_1_72' title='bbox 439 1033 628 1080; x_wconf 87' lang='lat' dir='ltr'><strong>ratione</strong></span> <span class='ocrx_word' id='word_1_73' title='bbox 651 1033 726 1080; x_wconf 85' lang='lat' dir='ltr'><strong>sit.</strong></span> <span class='ocrx_word' id='word_1_74' title='bbox 795 1034 980 1097; x_wconf 86' lang='lat' dir='ltr'><strong>Itaque,</strong></span> <span class='ocrx_word' id='word_1_75' title='bbox 1012 1051 1123 1081; x_wconf 92' lang='lat' dir='ltr'><strong>cum</strong></span> <span class='ocrx_word' id='word_1_76' title='bbox 1151 1036 1334 1082; x_wconf 91' lang='lat' dir='ltr'><strong>bonum</strong></span> <span class='ocrx_word' id='word_1_77' title='bbox 1356 1050 1524 1082; x_wconf 89' lang='lat' dir='ltr'><strong>verum</strong></span> <span class='ocrx_word' id='word_1_78' title='bbox 1546 1034 1596 1081; x_wconf 95' lang='lat' dir='ltr'><strong>in</strong></span> <span class='ocrx_word' id='word_1_79' title='bbox 1626 1033 1815 1095; x_wconf 85' lang='lat' dir='ltr'><strong>longin-</strong></span> 
     </span>
     <span class='ocr_line' id='line_1_17' title="bbox 442 1107 1815 1173; baseline 0.001 -19"><span class='ocrx_word' id='word_1_80' title='bbox 442 1124 592 1170; x_wconf 92' lang='lat' dir='ltr'><strong>quum</strong></span> <span class='ocrx_word' id='word_1_81' title='bbox 608 1108 945 1170; x_wconf 88' lang='lat' dir='ltr'><strong>prospiciendo</strong></span> <span class='ocrx_word' id='word_1_82' title='bbox 966 1111 1279 1172; x_wconf 78' lang='lat' dir='ltr'><strong>quaerendum</strong></span> <span class='ocrx_word' id='word_1_83' title='bbox 1298 1111 1374 1169; x_wconf 84' lang='lat' dir='ltr'><strong>sit,</strong></span> <span class='ocrx_word' id='word_1_84' title='bbox 1393 1110 1444 1157; x_wconf 90' lang='lat' dir='ltr'><strong>id</strong></span> <span class='ocrx_word' id='word_1_85' title='bbox 1463 1109 1593 1173; x_wconf 91' lang='lat' dir='ltr'><strong>quod</strong></span> <span class='ocrx_word' id='word_1_86' title='bbox 1615 1107 1815 1156; x_wconf 90' lang='lat' dir='ltr'><strong>rationis</strong></span> 
     </span>
     <span class='ocr_line' id='line_1_18' title="bbox 442 1183 1815 1247; baseline 0 -18"><span class='ocrx_word' id='word_1_87' title='bbox 442 1198 562 1245; x_wconf 90' lang='lat' dir='ltr'><strong>opus</strong></span> <span class='ocrx_word' id='word_1_88' title='bbox 581 1191 670 1242; x_wconf 89' lang='lat' dir='ltr'><strong>est,</strong></span> <span class='ocrx_word' id='word_1_89' title='bbox 689 1183 857 1246; x_wconf 90' lang='lat' dir='ltr'><strong>arripit</strong></span> <span class='ocrx_word' id='word_1_90' title='bbox 874 1184 1117 1246; x_wconf 89' lang='lat' dir='ltr'><strong>appetitus</strong></span> <span class='ocrx_word' id='word_1_91' title='bbox 1136 1186 1319 1232; x_wconf 90' lang='lat' dir='ltr'><strong>bonum</strong></span> <span class='ocrx_word' id='word_1_92' title='bbox 1335 1200 1563 1247; x_wconf 80' lang='lat' dir='ltr'><strong>praesens,</strong></span> <span class='ocrx_word' id='word_1_93' title='bbox 1579 1199 1678 1231; x_wconf 89' lang='lat' dir='ltr'><strong>non</strong></span> <span class='ocrx_word' id='word_1_94' title='bbox 1691 1197 1815 1246; x_wconf 88' lang='lat' dir='ltr'><strong>prae-</strong></span> 
     </span>
     <span class='ocr_line' id='line_1_19' title="bbox 440 1258 1816 1322; baseline 0 -18"><span class='ocrx_word' id='word_1_95' title='bbox 440 1258 556 1305; x_wconf 91' lang='lat' dir='ltr'><strong>visis</strong></span> <span class='ocrx_word' id='word_1_96' title='bbox 572 1274 679 1320; x_wconf 87' lang='lat' dir='ltr'><strong>quae</strong></span> <span class='ocrx_word' id='word_1_97' title='bbox 693 1258 785 1320; x_wconf 91' lang='lat' dir='ltr'><strong>ipsi</strong></span> <span class='ocrx_word' id='word_1_98' title='bbox 799 1259 1067 1306; x_wconf 88' lang='lat' dir='ltr'><strong>necessario</strong></span> <span class='ocrx_word' id='word_1_99' title='bbox 1082 1259 1332 1307; x_wconf 79' lang='lat' dir='ltr'><strong>adhaerent</strong></span> <span class='ocrx_word' id='word_1_100' title='bbox 1346 1260 1531 1322; x_wconf 91' lang='lat' dir='ltr'><strong>majora</strong></span> <span class='ocrx_word' id='word_1_101' title='bbox 1543 1258 1683 1306; x_wconf 91' lang='lat' dir='ltr'><strong>mala.</strong></span> <span class='ocrx_word' id='word_1_102' title='bbox 1703 1258 1816 1304; x_wconf 89' lang='lat' dir='ltr'><strong>Per-</strong></span> 
     </span>
     <span class='ocr_line' id='line_1_20' title="bbox 442 1332 1816 1396; baseline -0.001 -16"><span class='ocrx_word' id='word_1_103' title='bbox 442 1333 608 1380; x_wconf 90' lang='lat' dir='ltr'><strong>turbat</strong></span> <span class='ocrx_word' id='word_1_104' title='bbox 631 1348 746 1395; x_wconf 82' lang='lat' dir='ltr'><strong>ergo</strong></span> <span class='ocrx_word' id='word_1_105' title='bbox 775 1341 824 1380; x_wconf 92' lang='lat' dir='ltr'><strong>et</strong></span> <span class='ocrx_word' id='word_1_106' title='bbox 846 1333 1048 1396; x_wconf 80' lang='lat' dir='ltr'><strong>impedit</strong></span> <span class='ocrx_word' id='word_1_107' title='bbox 1072 1335 1400 1396; x_wconf 89' lang='lat' dir='ltr'><strong>operationem</strong></span> <span class='ocrx_word' id='word_1_108' title='bbox 1422 1333 1649 1387; x_wconf 86' lang='lat' dir='ltr'><strong>rationis;</strong></span> <span class='ocrx_word' id='word_1_109' title='bbox 1685 1332 1816 1380; x_wconf 90' lang='lat' dir='ltr'><strong>unde</strong></span> 
     </span>
     <span class='ocr_line' id='line_1_21' title="bbox 443 1407 1128 1471; baseline 0.003 -17"><span class='ocrx_word' id='word_1_110' title='bbox 443 1417 576 1455; x_wconf 90' lang='lat' dir='ltr'><strong>recte</strong></span> <span class='ocrx_word' id='word_1_111' title='bbox 601 1407 776 1455; x_wconf 91' lang='lat' dir='ltr'><strong>dicitur</strong></span> <span class='ocrx_word' id='word_1_112' title='bbox 793 1409 1128 1471; x_wconf 78' lang='lat' dir='ltr'><strong>perturbatio.</strong></span> 
     </span>
    </p>

    <p class='ocr_par' dir='ltr' id='par_1_7' title="bbox 443 1483 1821 1847">
     <span class='ocr_line' id='line_1_22' title="bbox 511 1483 1819 1532; baseline -0.001 -2"><span class='ocrx_word' id='word_1_113' title='bbox 511 1484 550 1530; x_wconf 90' lang='lat' dir='ltr'>C</span> <span class='ocrx_word' id='word_1_114' title='bbox 556 1483 798 1530; x_wconf 90' lang='lat' dir='ltr'><strong>onsistunt</strong></span> <span class='ocrx_word' id='word_1_115' title='bbox 815 1492 977 1531; x_wconf 90' lang='lat' dir='ltr'><strong>autem</strong></span> <span class='ocrx_word' id='word_1_116' title='bbox 995 1485 1195 1531; x_wconf 87' lang='lat' dir='ltr'><strong>affectus</strong></span> <span class='ocrx_word' id='word_1_117' title='bbox 1210 1484 1260 1531; x_wconf 93' lang='lat' dir='ltr'><strong>in</strong></span> <span class='ocrx_word' id='word_1_118' title='bbox 1277 1484 1473 1532; x_wconf 89' lang='lat' dir='ltr'><strong>diversis</strong></span> <span class='ocrx_word' id='word_1_119' title='bbox 1487 1483 1697 1530; x_wconf 90' lang='lat' dir='ltr'><strong>motibus</strong></span> <span class='ocrx_word' id='word_1_120' title='bbox 1712 1498 1819 1529; x_wconf 88' lang='lat' dir='ltr'><strong>san-</strong></span> 
     </span>
     <span class='ocr_line' id='line_1_23' title="bbox 443 1556 1818 1622; baseline -0.001 -17"><span class='ocrx_word' id='word_1_121' title='bbox 443 1559 603 1622; x_wconf 84' lang='lat' dir='ltr'><strong>guinis</strong></span> <span class='ocrx_word' id='word_1_122' title='bbox 627 1566 676 1606; x_wconf 90' lang='lat' dir='ltr'><strong>et</strong></span> <span class='ocrx_word' id='word_1_123' title='bbox 699 1558 954 1621; x_wconf 86' lang='lat' dir='ltr'><strong>spirituum</strong></span> <span class='ocrx_word' id='word_1_124' title='bbox 977 1559 1270 1618; x_wconf 85' lang='lat' dir='ltr'><strong>animalium,</strong></span> <span class='ocrx_word' id='word_1_125' title='bbox 1288 1566 1434 1622; x_wconf 89' lang='lat' dir='ltr'><strong>prout</strong></span> <span class='ocrx_word' id='word_1_126' title='bbox 1451 1575 1501 1606; x_wconf 87' lang='lat' dir='ltr'><strong>se</strong></span> <span class='ocrx_word' id='word_1_127' title='bbox 1518 1558 1649 1606; x_wconf 91' lang='lat' dir='ltr'><strong>varie</strong></span> <span class='ocrx_word' id='word_1_128' title='bbox 1671 1556 1818 1604; x_wconf 91' lang='lat' dir='ltr'><strong>modo</strong></span> 
     </span>
     <span class='ocr_line' id='line_1_24' title="bbox 445 1634 1820 1697; baseline -0.001 -16"><span class='ocrx_word' id='word_1_129' title='bbox 445 1634 741 1697; x_wconf 86' lang='lat' dir='ltr'><strong>expandunt,</strong></span> <span class='ocrx_word' id='word_1_130' title='bbox 766 1634 911 1682; x_wconf 92' lang='lat' dir='ltr'><strong>modo</strong></span> <span class='ocrx_word' id='word_1_131' title='bbox 935 1635 998 1682; x_wconf 92' lang='lat' dir='ltr'><strong>ad</strong></span> <span class='ocrx_word' id='word_1_132' title='bbox 1020 1634 1205 1682; x_wconf 90' lang='lat' dir='ltr'><strong>fontem</strong></span> <span class='ocrx_word' id='word_1_133' title='bbox 1229 1650 1279 1681; x_wconf 90' lang='lat' dir='ltr'><strong>se</strong></span> <span class='ocrx_word' id='word_1_134' title='bbox 1307 1634 1575 1696; x_wconf 90' lang='lat' dir='ltr'><strong>recipiunt;</strong></span> <span class='ocrx_word' id='word_1_135' title='bbox 1613 1648 1820 1695; x_wconf 90' lang='lat' dir='ltr'><strong>quorum</strong></span> 
     </span>
     <span class='ocr_line' id='line_1_25' title="bbox 444 1709 1821 1772; baseline -0.001 -16"><span class='ocrx_word' id='word_1_136' title='bbox 444 1718 666 1757; x_wconf 88' lang='lat' dir='ltr'><strong>motuum</strong></span> <span class='ocrx_word' id='word_1_137' title='bbox 694 1725 851 1757; x_wconf 81' lang='lat' dir='ltr'><strong>causae</strong></span> <span class='ocrx_word' id='word_1_138' title='bbox 886 1718 999 1757; x_wconf 90' lang='lat' dir='ltr'><strong>sunt</strong></span> <span class='ocrx_word' id='word_1_139' title='bbox 1029 1710 1371 1772; x_wconf 86' lang='lat' dir='ltr'><strong>phantasmata</strong></span> <span class='ocrx_word' id='word_1_140' title='bbox 1405 1709 1535 1756; x_wconf 89' lang='lat' dir='ltr'><strong>circa</strong></span> <span class='ocrx_word' id='word_1_141' title='bbox 1565 1709 1751 1756; x_wconf 89' lang='lat' dir='ltr'><strong>bonum</strong></span> <span class='ocrx_word' id='word_1_142' title='bbox 1772 1713 1821 1754; x_wconf 89' lang='lat' dir='ltr'><strong>et</strong></span> 
     </span>
     <span class='ocr_line' id='line_1_26' title="bbox 445 1785 1447 1847; baseline -0.001 -15"><span class='ocrx_word' id='word_1_143' title='bbox 445 1785 627 1832; x_wconf 90' lang='lat' dir='ltr'><strong>malum</strong></span> <span class='ocrx_word' id='word_1_144' title='bbox 653 1785 712 1831; x_wconf 90' lang='lat' dir='ltr'><strong>ab</strong></span> <span class='ocrx_word' id='word_1_145' title='bbox 737 1785 939 1847; x_wconf 87' lang='lat' dir='ltr'><strong>objectis</strong></span> <span class='ocrx_word' id='word_1_146' title='bbox 962 1785 1013 1831; x_wconf 92' lang='lat' dir='ltr'><strong>in</strong></span> <span class='ocrx_word' id='word_1_147' title='bbox 1037 1785 1198 1832; x_wconf 86' lang='lat' dir='ltr'><strong>animo</strong></span> <span class='ocrx_word' id='word_1_148' title='bbox 1222 1785 1447 1832; x_wconf 85' lang='lat' dir='ltr'><strong>excitata.</strong></span> 
     </span>
    </p>

    <p class='ocr_par' dir='ltr' id='par_1_8' title="bbox 448 1857 1840 2450">
     <span class='ocr_line' id='line_1_27' title="bbox 514 1857 1823 1923; baseline -0.003 -15"><span class='ocrx_word' id='word_1_149' title='bbox 514 1867 560 1908; x_wconf 84' lang='lat'><strong>2.</strong></span> <span class='ocrx_word' id='word_1_150' title='bbox 599 1861 850 1909; x_wconf 73' lang='lat' dir='ltr'><strong>Quatenus</strong></span> <span class='ocrx_word' id='word_1_151' title='bbox 869 1860 1139 1922; x_wconf 89' lang='lat' dir='ltr'><strong>concipitur</strong></span> <span class='ocrx_word' id='word_1_152' title='bbox 1157 1861 1216 1908; x_wconf 90' lang='lat' dir='ltr'><strong>ab</strong></span> <span class='ocrx_word' id='word_1_153' title='bbox 1235 1860 1396 1923; x_wconf 88' lang='lat' dir='ltr'><strong>aliquo</strong></span> <span class='ocrx_word' id='word_1_154' title='bbox 1419 1860 1601 1907; x_wconf 90' lang='lat' dir='ltr'><strong>bonum</strong></span> <span class='ocrx_word' id='word_1_155' title='bbox 1626 1858 1716 1905; x_wconf 91' lang='lat' dir='ltr'><strong>sibi</strong></span> <span class='ocrx_word' id='word_1_156' title='bbox 1738 1857 1823 1905; x_wconf 90' lang='lat' dir='ltr'><strong>ad-</strong></span> 
     </span>
     <span class='ocr_line' id='line_1_28' title="bbox 448 1935 1823 1998; baseline -0.001 -16"><span class='ocrx_word' id='word_1_157' title='bbox 448 1936 660 1994; x_wconf 89' lang='lat' dir='ltr'><strong>veniens,</strong></span> <span class='ocrx_word' id='word_1_158' title='bbox 685 1935 787 1982; x_wconf 90' lang='lat' dir='ltr'><strong>sine</strong></span> <span class='ocrx_word' id='word_1_159' title='bbox 811 1936 1202 1998; x_wconf 87' lang='lat' dir='ltr'><strong>compensatione</strong></span> <span class='ocrx_word' id='word_1_160' title='bbox 1224 1935 1367 1982; x_wconf 89' lang='lat' dir='ltr'><strong>ullius</strong></span> <span class='ocrx_word' id='word_1_161' title='bbox 1389 1935 1503 1982; x_wconf 92' lang='lat' dir='ltr'><strong>mali</strong></span> <span class='ocrx_word' id='word_1_162' title='bbox 1527 1949 1823 1996; x_wconf 90' lang='lat' dir='ltr'><strong>consequen-</strong></span> 
     </span>
     <span class='ocr_line' id='line_1_29' title="bbox 450 2008 1822 2073; baseline -0.003 -15"><span class='ocrx_word' id='word_1_163' title='bbox 450 2011 530 2070; x_wconf 83' lang='lat' dir='ltr'><strong>tis,</strong></span> <span class='ocrx_word' id='word_1_164' title='bbox 555 2027 664 2073; x_wconf 89' lang='lat' dir='ltr'><strong>quae</strong></span> <span class='ocrx_word' id='word_1_165' title='bbox 685 2011 801 2058; x_wconf 92' lang='lat' dir='ltr'><strong>boni</strong></span> <span class='ocrx_word' id='word_1_166' title='bbox 823 2011 990 2059; x_wconf 83' lang='lat' dir='ltr'><strong>fruitio</strong></span> <span class='ocrx_word' id='word_1_167' title='bbox 1013 2019 1100 2070; x_wconf 90' lang='lat' dir='ltr'><strong>est,</strong></span> <span class='ocrx_word' id='word_1_168' title='bbox 1125 2012 1326 2058; x_wconf 86' lang='lat' dir='ltr'><strong>affectus</strong></span> <span class='ocrx_word' id='word_1_169' title='bbox 1347 2017 1548 2058; x_wconf 88' lang='lat' dir='ltr'><strong>vocatur</strong></span> <span class='ocrx_word' id='word_1_170' title='bbox 1567 2008 1822 2073; x_wconf 77' lang='lat' dir='ltr'><strong>gaudium.</strong></span> 
     </span>
     <span class='ocr_line' id='line_1_30' title="bbox 452 2084 1840 2150; baseline -0.003 -16"><span class='ocrx_word' id='word_1_171' title='bbox 452 2086 636 2134; x_wconf 85' lang='lat' dir='ltr'><strong>Contra</strong></span> <span class='ocrx_word' id='word_1_172' title='bbox 658 2093 836 2145; x_wconf 90' lang='lat' dir='ltr'><strong>autem,</strong></span> <span class='ocrx_word' id='word_1_173' title='bbox 862 2086 945 2149; x_wconf 90' lang='lat' dir='ltr'><strong>qui</strong></span> <span class='ocrx_word' id='word_1_174' title='bbox 976 2087 1189 2150; x_wconf 88' lang='lat' dir='ltr'><strong>concipit</strong></span> <span class='ocrx_word' id='word_1_175' title='bbox 1210 2086 1392 2133; x_wconf 88' lang='lat' dir='ltr'><strong>malum</strong></span> <span class='ocrx_word' id='word_1_176' title='bbox 1422 2085 1513 2133; x_wconf 91' lang='lat' dir='ltr'><strong>sibi</strong></span> <span class='ocrx_word' id='word_1_177' title='bbox 1543 2084 1840 2132; x_wconf 90' lang='lat' dir='ltr'><strong>incumbens-</strong></span> 
     </span>
     <span class='ocr_line' id='line_1_31' title="bbox 451 2161 1824 2225; baseline -0.003 -16"><span class='ocrx_word' id='word_1_178' title='bbox 451 2163 553 2210; x_wconf 84' lang='lat' dir='ltr'><strong>sine</strong></span> <span class='ocrx_word' id='word_1_179' title='bbox 585 2169 825 2224; x_wconf 89' lang='lat' dir='ltr'><strong>conceptu</strong></span> <span class='ocrx_word' id='word_1_180' title='bbox 854 2162 970 2210; x_wconf 89' lang='lat' dir='ltr'><strong>boni</strong></span> <span class='ocrx_word' id='word_1_181' title='bbox 1005 2162 1136 2225; x_wconf 90' lang='lat' dir='ltr'><strong>quod</strong></span> <span class='ocrx_word' id='word_1_182' title='bbox 1169 2162 1350 2209; x_wconf 90' lang='lat' dir='ltr'><strong>malum</strong></span> <span class='ocrx_word' id='word_1_183' title='bbox 1371 2161 1505 2209; x_wconf 92' lang='lat' dir='ltr'><strong>illum</strong></span> <span class='ocrx_word' id='word_1_184' title='bbox 1530 2165 1824 2222; x_wconf 87' lang='lat' dir='ltr'><strong>compenset,</strong></span> 
     </span>
     <span class='ocr_line' id='line_1_32' title="bbox 452 2238 1825 2300; baseline -0.002 -16"><span class='ocrx_word' id='word_1_185' title='bbox 452 2238 652 2285; x_wconf 86' lang='lat' dir='ltr'><strong>affectus</strong></span> <span class='ocrx_word' id='word_1_186' title='bbox 677 2238 779 2300; x_wconf 90' lang='lat' dir='ltr'><strong>ejus</strong></span> <span class='ocrx_word' id='word_1_187' title='bbox 803 2245 1005 2285; x_wconf 90' lang='lat' dir='ltr'><strong>vocatur</strong></span> <span class='ocrx_word' id='word_1_188' title='bbox 1028 2238 1191 2284; x_wconf 82' lang='lat' dir='ltr'><strong>odium</strong></span> <span class='ocrx_word' id='word_1_189' title='bbox 1208 2256 1227 2292; x_wconf 89' lang='lat'><em>;</em></span> <span class='ocrx_word' id='word_1_190' title='bbox 1252 2245 1301 2285; x_wconf 90' lang='lat' dir='ltr'><strong>et</strong></span> <span class='ocrx_word' id='word_1_191' title='bbox 1323 2238 1505 2285; x_wconf 90' lang='lat' dir='ltr'><strong>malum</strong></span> <span class='ocrx_word' id='word_1_192' title='bbox 1527 2251 1682 2293; x_wconf 90' lang='lat' dir='ltr'><strong>omne,</strong></span> <span class='ocrx_word' id='word_1_193' title='bbox 1707 2250 1825 2297; x_wconf 91' lang='lat' dir='ltr'><strong>qua-</strong></span> 
     </span>
     <span class='ocr_line' id='line_1_33' title="bbox 451 2310 1826 2374; baseline -0.004 -14"><span class='ocrx_word' id='word_1_194' title='bbox 451 2321 593 2360; x_wconf 88' lang='lat' dir='ltr'><strong>tenus</strong></span> <span class='ocrx_word' id='word_1_195' title='bbox 616 2312 867 2371; x_wconf 86' lang='lat' dir='ltr'><strong>incumbit,</strong></span> <span class='ocrx_word' id='word_1_196' title='bbox 893 2312 1110 2359; x_wconf 76' lang='lat' dir='ltr'><strong>odiosum</strong></span> <span class='ocrx_word' id='word_1_197' title='bbox 1136 2311 1326 2359; x_wconf 89' lang='lat' dir='ltr'><strong>dicitur.</strong></span> <span class='ocrx_word' id='word_1_198' title='bbox 1362 2312 1529 2374; x_wconf 90' lang='lat' dir='ltr'><strong>Itaque</strong></span> <span class='ocrx_word' id='word_1_199' title='bbox 1551 2310 1691 2368; x_wconf 85' lang='lat' dir='ltr'><strong>mala,</strong></span> <span class='ocrx_word' id='word_1_200' title='bbox 1717 2324 1826 2372; x_wconf 87' lang='lat' dir='ltr'><strong>quae</strong></span> 
     </span>
     <span class='ocr_line' id='line_1_34' title="bbox 449 2384 1758 2450; baseline -0.004 -15"><span class='ocrx_word' id='word_1_201' title='bbox 449 2404 607 2450; x_wconf 90' lang='lat' dir='ltr'><strong>neque</strong></span> <span class='ocrx_word' id='word_1_202' title='bbox 631 2403 856 2450; x_wconf 88' lang='lat' dir='ltr'><strong>superare</strong></span> <span class='ocrx_word' id='word_1_203' title='bbox 878 2403 1036 2450; x_wconf 91' lang='lat' dir='ltr'><strong>neque</strong></span> <span class='ocrx_word' id='word_1_204' title='bbox 1058 2387 1240 2435; x_wconf 88' lang='lat' dir='ltr'><strong>evitare</strong></span> <span class='ocrx_word' id='word_1_205' title='bbox 1261 2401 1530 2450; x_wconf 89' lang='lat' dir='ltr'><strong>possumus,</strong></span> <span class='ocrx_word' id='word_1_206' title='bbox 1555 2384 1758 2431; x_wconf 76' lang='lat' dir='ltr'><strong>odimus.</strong></span> 
     </span>
    </p>

    <p class='ocr_par' dir='ltr' id='par_1_9' title="bbox 453 2459 1828 2900">
     <span class='ocr_line' id='line_1_35' title="bbox 520 2459 1827 2525; baseline -0.004 -15"><span class='ocrx_word' id='word_1_207' title='bbox 520 2469 564 2510; x_wconf 89' lang='lat'><strong>3.</strong></span> <span class='ocrx_word' id='word_1_208' title='bbox 603 2462 812 2511; x_wconf 74' lang='lat' dir='ltr'><strong>Quando</strong></span> <span class='ocrx_word' id='word_1_209' title='bbox 844 2478 960 2510; x_wconf 87' lang='lat' dir='ltr'><strong>vero</strong></span> <span class='ocrx_word' id='word_1_210' title='bbox 993 2462 1289 2525; x_wconf 80' lang='lat' dir='ltr'><strong>concipimus</strong></span> <span class='ocrx_word' id='word_1_211' title='bbox 1317 2477 1415 2508; x_wconf 91' lang='lat' dir='ltr'><strong>una</strong></span> <span class='ocrx_word' id='word_1_212' title='bbox 1438 2476 1549 2508; x_wconf 93' lang='lat' dir='ltr'><strong>cum</strong></span> <span class='ocrx_word' id='word_1_213' title='bbox 1570 2459 1697 2507; x_wconf 91' lang='lat' dir='ltr'><strong>malo</strong></span> <span class='ocrx_word' id='word_1_214' title='bbox 1720 2474 1827 2506; x_wconf 91' lang='lat' dir='ltr'><strong>mu-</strong></span> 
     </span>
     <span class='ocr_line' id='line_1_36' title="bbox 453 2533 1827 2600; baseline -0.004 -15"><span class='ocrx_word' id='word_1_215' title='bbox 453 2538 689 2585; x_wconf 88' lang='lat' dir='ltr'><strong>tationem</strong></span> <span class='ocrx_word' id='word_1_216' title='bbox 735 2539 837 2600; x_wconf 88' lang='lat' dir='ltr'><strong>ejus</strong></span> <span class='ocrx_word' id='word_1_217' title='bbox 883 2553 971 2600; x_wconf 90' lang='lat' dir='ltr'><strong>per</strong></span> <span class='ocrx_word' id='word_1_218' title='bbox 1016 2537 1215 2585; x_wconf 89' lang='lat' dir='ltr'><strong>modum</strong></span> <span class='ocrx_word' id='word_1_219' title='bbox 1260 2537 1482 2599; x_wconf 90' lang='lat' dir='ltr'><strong>aliquem,</strong></span> <span class='ocrx_word' id='word_1_220' title='bbox 1529 2550 1624 2597; x_wconf 92' lang='lat' dir='ltr'><strong>quo</strong></span> <span class='ocrx_word' id='word_1_221' title='bbox 1669 2533 1827 2596; x_wconf 90' lang='lat' dir='ltr'><strong>ipsum</strong></span> 
     </span>
     <span class='ocr_line' id='line_1_37' title="bbox 454 2611 1827 2673; baseline -0.004 -13"><span class='ocrx_word' id='word_1_222' title='bbox 454 2613 637 2660; x_wconf 91' lang='lat' dir='ltr'><strong>malum</strong></span> <span class='ocrx_word' id='word_1_223' title='bbox 656 2612 876 2671; x_wconf 87' lang='lat' dir='ltr'><strong>evitetur,</strong></span> <span class='ocrx_word' id='word_1_224' title='bbox 903 2613 1105 2659; x_wconf 87' lang='lat' dir='ltr'><strong>affectus</strong></span> <span class='ocrx_word' id='word_1_225' title='bbox 1127 2611 1207 2658; x_wconf 89' lang='lat' dir='ltr'><strong>ille</strong></span> <span class='ocrx_word' id='word_1_226' title='bbox 1232 2611 1384 2659; x_wconf 89' lang='lat' dir='ltr'><strong>oritur</strong></span> <span class='ocrx_word' id='word_1_227' title='bbox 1419 2626 1563 2673; x_wconf 88' lang='lat' dir='ltr'><strong>quam</strong></span> <span class='ocrx_word' id='word_1_228' title='bbox 1597 2624 1827 2656; x_wconf 87' lang='lat' dir='ltr'><strong>vocamus</strong></span> 
     </span>
     <span class='ocr_line' id='line_1_38' title="bbox 457 2683 1828 2751; baseline -0.004 -16"><span class='ocrx_word' id='word_1_229' title='bbox 457 2704 607 2751; x_wconf 76' lang='lat' dir='ltr'><strong>Spem.</strong></span> <span class='ocrx_word' id='word_1_230' title='bbox 678 2687 922 2745; x_wconf 85' lang='lat' dir='ltr'><strong>Similiter,</strong></span> <span class='ocrx_word' id='word_1_231' title='bbox 958 2687 999 2735; x_wconf 86' lang='lat' dir='ltr'><strong>si</strong></span> <span class='ocrx_word' id='word_1_232' title='bbox 1031 2687 1340 2733; x_wconf 89' lang='lat' dir='ltr'><strong>incumbente</strong></span> <span class='ocrx_word' id='word_1_233' title='bbox 1373 2686 1500 2732; x_wconf 94' lang='lat' dir='ltr'><strong>bono</strong></span> <span class='ocrx_word' id='word_1_234' title='bbox 1531 2683 1828 2746; x_wconf 86' lang='lat' dir='ltr'><strong>concipimus</strong></span> 
     </span>
     <span class='ocr_line' id='line_1_39' title="bbox 456 2758 1826 2826; baseline -0.004 -16"><span class='ocrx_word' id='word_1_235' title='bbox 456 2762 656 2810; x_wconf 90' lang='lat' dir='ltr'><strong>modum</strong></span> <span class='ocrx_word' id='word_1_236' title='bbox 684 2763 894 2826; x_wconf 87' lang='lat' dir='ltr'><strong>aliquem</strong></span> <span class='ocrx_word' id='word_1_237' title='bbox 929 2778 1025 2825; x_wconf 93' lang='lat' dir='ltr'><strong>quo</strong></span> <span class='ocrx_word' id='word_1_238' title='bbox 1062 2762 1328 2819; x_wconf 88' lang='lat' dir='ltr'><strong>amittatur,</strong></span> <span class='ocrx_word' id='word_1_239' title='bbox 1364 2760 1439 2807; x_wconf 91' lang='lat' dir='ltr'><strong>vel</strong></span> <span class='ocrx_word' id='word_1_240' title='bbox 1468 2759 1507 2807; x_wconf 87' lang='lat' dir='ltr'><strong>si</strong></span> <span class='ocrx_word' id='word_1_241' title='bbox 1539 2759 1718 2806; x_wconf 90' lang='lat' dir='ltr'><strong>malum</strong></span> <span class='ocrx_word' id='word_1_242' title='bbox 1741 2758 1826 2806; x_wconf 88' lang='lat' dir='ltr'><strong>ali-</strong></span> 
     </span>
     <span class='ocr_line' id='line_1_40' title="bbox 459 2834 1827 2900; baseline -0.003 -15"><span class='ocrx_word' id='word_1_243' title='bbox 459 2838 588 2900; x_wconf 91' lang='lat' dir='ltr'><strong>quod</strong></span> <span class='ocrx_word' id='word_1_244' title='bbox 602 2838 671 2885; x_wconf 86' lang='lat' dir='ltr'><strong>illi</strong></span> <span class='ocrx_word' id='word_1_245' title='bbox 686 2853 958 2885; x_wconf 82' lang='lat' dir='ltr'><strong>connexum</strong></span> <span class='ocrx_word' id='word_1_246' title='bbox 976 2837 1103 2885; x_wconf 88' lang='lat' dir='ltr'><strong>trahi</strong></span> <span class='ocrx_word' id='word_1_247' title='bbox 1118 2835 1451 2899; x_wconf 86' lang='lat' dir='ltr'><strong>imaginamur,</strong></span> <span class='ocrx_word' id='word_1_248' title='bbox 1467 2841 1620 2882; x_wconf 79' lang='lat' dir='ltr'><strong>metus</strong></span> <span class='ocrx_word' id='word_1_249' title='bbox 1635 2834 1827 2882; x_wconf 91' lang='lat' dir='ltr'><strong>dicitur.</strong></span> 
     </span>
    </p>
   </div>
  </div>
 </body>
</html>
