2020 3262
570 209 850 244 PRAEFATm
876 210 948 244 AD
976 209 1270 243 LECTORES.
1590 200 1678 242 145

179 343 292 394 cilia
325 343 388 393 de
429 360 618 393 summa
649 345 928 409 reipublicae
955 352 1170 404 vocatos,
1203 343 1460 408 justitiam,
1490 344 1680 408 imperii

178 445 355 494 summi
394 461 608 494 sororem
650 454 700 495 et
740 448 1012 510 conjugem,
1047 445 1284 509 subjicere
1326 460 1425 492 suae
1465 444 1680 508 ipsorum

177 547 444 611 cognitioni
475 564 667 612 cupere,
693 555 925 596 caeterum
959 546 1130 595 falsam
1153 553 1204 593 et
1225 545 1420 592 inanem
1443 546 1546 608 ejus
1571 561 1678 609 spe-

177 647 303 696 ciem
338 649 475 712 quasi
510 649 688 697 nubem
719 647 1064 711 amplexantes,
1093 647 1322 710 dogmata
1351 647 1435 695 illa
1468 646 1678 710 philoso-

177 749 386 812 phorum
412 750 669 798 moralium
704 749 944 809 biformia,
977 749 1158 813 partim
1194 756 1329 797 reeta
1366 756 1415 796 et
1447 746 1678 811 speciosa,

176 847 356 910 partim
390 847 536 896 bruta
575 854 625 896 et
659 847 828 904 ferina,
869 847 1085 895 rixarum
1125 848 1342 895 omnium
1379 853 1428 894 et
1470 845 1678 893 caedium

177 962 361 1006 causas,
384 948 624 1011 genuisse.
695 948 821 995 Cum
853 947 973 996 tales
1009 947 1159 1011 igitur
1190 948 1440 1011 opiniones
1464 945 1680 1010 quotidie

176 1047 410 1106 oriantur,
448 1047 490 1095 si
521 1047 627 1110 quis
663 1047 940 1095 discusserit
976 1047 1130 1095 nubes
1163 1047 1284 1107 illas,
1314 1046 1679 1108 rationibusque

174 1145 460 1214 firmissimis
506 1145 772 1194 ostenderit
812 1146 1060 1194 doctrinas
1108 1146 1167 1194 de
1208 1148 1340 1210 justo
1387 1154 1436 1194 et
1487 1146 1681 1209 injusto,

175 1248 305 1297 bono
330 1255 380 1296 et
401 1248 545 1307 malo,
579 1254 757 1311 praeter
796 1247 928 1311 leges
954 1248 1005 1295 in
1029 1264 1322 1312 unaquaque
1346 1248 1542 1296 civitate
1566 1264 1682 1296 con-

175 1349 386 1408 stitum,
409 1348 714 1397 authenticas
748 1363 850 1395 esse
886 1347 1059 1407 nullas,
1085 1355 1135 1396 et
1170 1355 1336 1396 utrum
1365 1348 1527 1411 aliqua
1550 1349 1678 1396 actio

169 1452 304 1516 J'usta
325 1451 403 1500 vel
425 1451 620 1514 injusta,
643 1450 774 1498 bona
795 1449 872 1497 vel
895 1450 1022 1497 mala
1044 1450 1212 1498 futura
1235 1451 1313 1508 sit,
1338 1467 1368 1499 a
1389 1450 1581 1498 nemine
1605 1450 1678 1498 in-

175 1550 466 1615 quirendum
509 1565 627 1609 esse,
673 1556 1002 1612 praeterquam
1047 1550 1106 1597 ab
1147 1550 1205 1597 iis
1248 1550 1310 1598 ad
1350 1566 1469 1614 quos
1512 1550 1676 1614 legum

175 1667 373 1700 suarum
418 1650 868 1714 interpretationem
914 1649 1292 1710 demandaverit,
1333 1651 1374 1698 is
1411 1658 1542 1699 certe
1578 1667 1677 1699 non
1728 1685 1730 1687 -

175 1757 322 1806 modo
345 1756 478 1821 pacis
501 1755 629 1804 viam
652 1754 836 1817 regiam
871 1753 955 1800 sed
979 1754 1121 1801 etiam
1148 1754 1395 1803 seditionis
1432 1771 1606 1819 opacas
1630 1762 1680 1803 et

172 1857 459 1907 tenebrosas
495 1855 690 1904 semitas
715 1854 1128 1911 commonstrabit,
1162 1870 1257 1917 qua
1279 1871 1332 1902 re
1355 1855 1522 1903 utilius
1558 1855 1679 1904 nihil

178 1959 447 2024 excogitari
468 1964 644 2022 potest.

243 2059 391 2110 Quod
413 2059 589 2108 attinet
622 2058 686 2106 ad
718 2056 1017 2116 methodum,
1042 2073 1141 2105 non
1176 2058 1407 2106 orationis
1441 2058 1675 2119 ordinem,

175 2177 469 2225 quamquam
505 2159 790 2223 conspicuus
825 2158 905 2206 ille
946 2158 1022 2217 sit,
1064 2159 1217 2207 solum
1257 2160 1488 2219 sufficere,
1524 2160 1609 2208 sed
1649 2176 1679 2208 a

175 2261 384 2310 civitatis
418 2261 622 2309 materia
650 2259 991 2323 incipiendum,
1022 2259 1196 2308 deinde
1219 2260 1282 2308 ad
1315 2260 1677 2324 generationem

176 2369 227 2411 et
247 2362 456 2410 formam
478 2362 597 2425 ejus,
622 2369 672 2408 et
700 2360 902 2423 justitiae
931 2360 1165 2424 originem
1198 2361 1404 2424 primam
1426 2360 1677 2424 progredi-

176 2462 355 2511 endum
373 2477 476 2510 esse
491 2460 773 2509 existimavi.
810 2460 938 2507 Nam
955 2476 1014 2508 ex
1032 2460 1204 2523 quibus
1221 2461 1363 2508 rebus
1382 2475 1586 2524 quaeque
1599 2476 1676 2508 res

175 2562 501 2622 constituitur,
520 2578 579 2610 ex
602 2560 773 2609 iisdem
792 2561 939 2608 etiam
958 2561 1139 2624 optime
1158 2561 1478 2624 cognoscitur.
1539 2561 1676 2610 Sicut

175 2660 305 2709 enim
338 2660 390 2708 in
423 2660 674 2724 horologio
709 2666 956 2708 automato
985 2660 1137 2708 aliave
1171 2661 1395 2708 machina
1417 2661 1561 2725 paulo
1584 2661 1674 2709 im-

174 2758 440 2822 plicatiora,
475 2759 607 2823 quod
641 2759 703 2807 sit
738 2760 970 2822 cujusque
1005 2759 1157 2823 partis
1197 2768 1413 2823 rotaeque
1448 2759 1672 2819 officium,

176 2858 268 2907 nisi
285 2858 588 2919 dissolvatur,
607 2860 911 2924 partiumque
934 2861 1151 2920 materia,
1169 2861 1340 2924 figura,
1360 2869 1519 2909 motus
1543 2841 1674 2908 seor-

307 2971 428 3005 von.
456 2973 515 3006 11.
1508 2976 1537 3008 L
