1982 3256
334 267 405 302 DE
433 267 572 302 Loco
598 266 923 302 APPARENTE
952 255 1202 315 OBJECTIJ
1222 270 1338 305 E'rc.
1488 262 1551 306 59

164 388 230 439 ad
245 389 479 438 verticem
501 389 565 439 ad
585 395 776 454 partem
798 389 862 437 ad
887 396 1110 439 centrum
1129 406 1237 439 eam
1259 391 1408 440 habet
1432 394 1550 441 rati-

165 472 309 515 onem
333 481 480 530 quam
514 465 662 514 habet
697 472 857 514 totum
895 467 1024 515 oculi
1054 466 1456 531 perpendiculum
1488 469 1552 517 ad

165 541 348 607 speculi
371 542 801 591 semidiametrum.
850 543 979 591 Nam
1001 559 1155 607 prope
1174 550 1414 606 punctum
1431 542 1553 592 illud

165 634 334 669 omnes
355 618 626 669 incidentes
649 619 966 669 reflectentur
989 619 1053 668 ad
1076 619 1205 668 oculi
1228 617 1478 683 pupillam.

677 943 891 994 CAPUT
930 943 1041 994 VII.

166 1054 238 1092 m:
264 1042 406 1090 Loco
425 1052 752 1089 APPARENTE
781 1053 1010 1088 omnen
1036 1053 1152 1088 V1s1
1179 1052 1288 1088 PER
1315 1051 1552 1087 11111111Αο-

615 1130 833 1165 ΤιοΝΕΜ
860 1129 1098 1165 UNICAM.

167 1213 203 1252 1⁶
229 1210 381 1263 Regula
401 1222 472 1262 pro
502 1210 590 1250 loco
614 1215 820 1262 apparente
853 1210 995 1262 objecti
1026 1212 1097 1250 visi
1126 1225 1196 1263 per
1227 1212 1382 1250 unicam
1413 1210 1554 1249 refrac-

216 1274 360 1313 tionem
387 1273 587 1325 generaIiS.
660 1275 700 1318 2,
719 1276 754 1318 3,
773 1276 812 1320 4,
829 1278 866 1319 ὁ,
885 1276 923 1313 6.
953 1273 1115 1325 Regulae
1146 1272 1247 1311 illius
1279 1273 1555 1324 applicationes

180 1335 188 1344 ‘
217 1336 374 1388 aliquot·
427 1336 467 1380 7,
486 1339 524 1375 8.
551 1336 681 1379 Quare
696 1341 799 1374 astra
815 1348 936 1386 prope
950 1335 1189 1375 horizontem
1206 1335 1352 1386 majora
1369 1339 1555 1386 apparent

217 1411 334 1450 quam
347 1397 606 1437 culminantia.
633 1401 671 1438 9.
693 1398 823 1440 Quare
836 1397 964 1448 plures
980 1397 1157 1436 videntur
1185 1397 1303 1436 stellae
1328 1397 1416 1435 fixae
1442 1402 1555 1435 nocte

218 1472 355 1499 serena
371 1459 510 1512 frigida
528 1466 645 1511 quam
662 1460 803 1510 tepida.

173 1546 214 1590 1.
230 1539 294 1588 IN
310 1539 496 1588 visione
509 1555 598 1604 per
611 1539 809 1587 unicam
827 1537 1248 1598 refractionem,id
1262 1545 1352 1597 est,
1362 1536 1556 1601 quando

167 1616 338 1665 oculus
361 1622 437 1665 est
458 1616 510 1664 in
532 1631 633 1664 uno
656 1615 834 1675 medi0,
861 1615 1112 1679 objectum
1142 1615 1193 1663 in
1226 1615 1320 1663 alio
1355 1612 1559 1662 diversae

166 1691 473 1752 resistentiae,
493 1691 879 1741 considerandus
904 1698 979 1740 est
1000 1692 1152 1751 locus,
1173 1692 1225 1739 in
1250 1707 1347 1755 quo
1370 1690 1559 1738 videre—

167 1775 251 1818 tur
290 1768 331 1817 si
364 1775 629 1832 utrumque
665 1768 882 1817 medium
919 1768 1138 1832 ejusdem
1175 1775 1304 1816 esset
1336 1774 1559 1823 naturae3

170 1845 347 1894 deinde
371 1842 781 1894 considerandum
817 1852 894 1893 est
927 1851 1185 1909 punctum,
1208 1844 1260 1892 in
1285 1859 1382 1908 quo
1405 1844 1463 1891 fit
1484 1858 1562 1891 re-

168 1922 362 1971 fractio.
413 1921 503 1971 Est
526 1921 657 1970 enim
679 1927 816 1969 reeta
839 1921 900 1969 ab
925 1921 1068 1969 oculo
1092 1919 1156 1969 ad
1178 1920 1301 1969 illud
1322 1925 1562 1984 punctum

171 1998 334 2058 ducta,
357 1997 489 2046 linea
521 1997 718 2046 visualis
753 1996 927 2062 puncti
949 1996 1068 2051 visi;
1105 1996 1186 2045 cui
1224 1994 1264 2044 si
1301 1995 1562 2059 adjiciatur

169 2072 428 2139 longitudo
459 2081 625 2134 rectae,
662 2090 771 2138 quae
799 2080 874 2123 est
901 2089 931 2121 a
951 2079 1136 2137 puncto
1171 2072 1351 2135 objecti
1373 2071 1464 2120 visi
1498 2071 1563 2119 ad

169 2158 407 2217 punctum
451 2150 776 2210 refracffionis,
818 2148 1162 2198 terminabitur
1206 2154 1312 2197 tota
1354 2147 1406 2196 in
1450 2147 1562 2196 loco

170 2225 398 2293 imaginis
422 2227 656 2292 quaesitae.
706 2226 959 2276 Quantum
982 2226 1112 2274 enim
1135 2224 1300 2273 radius
1324 2241 1355 2273 a
1375 2231 1560 2289 puncto

170 2302 291 2364 viso,
316 2302 400 2368 qui
421 2301 621 2352 visionis
658 2319 806 2352 causa
839 2309 928 2362 est,
954 2300 1236 2350 extenditur
1264 2300 1397 2348 intra
1420 2316 1562 2348 sunm

170 2379 568 2440 mediumstanto
591 2378 837 2427 videbitur
874 2378 1071 2427 extendi
1106 2377 1159 2426 in
1197 2375 1369 2426 eodem
1399 2376 1562 2425 medio

173 2456 444 2506 secundum
465 2456 646 2505 lineam
668 2456 916 2504 visualem.
1459 2458 1465 2462 ’

240 2540 287 2583 2.
324 2533 377 2582 Si
414 2533 663 2598 objectum
700 2533 764 2581 sit
798 2532 929 2581 linea
963 2538 1113 2591 recta,
1138 2537 1190 2579 et
1226 2536 1472 2579 statuatur
1508 2527 1561 2579 in

172 2608 335 2659 medio
350 2608 593 2669 densiore,
608 2609 776 2658 oculus
792 2615 953 2657 autem
969 2608 1021 2656 in
1034 2606 1235 2667 rariore,
1249 2606 1379 2656 linea
1395 2613 1562 2655 autem

174 2685 272 2735 duo
297 2683 382 2735 illa
402 2684 566 2735 media
588 2685 896 2750 distinguens
920 2683 985 2733 sit
1007 2691 1159 2744 recta,
1185 2690 1235 2732 et
1258 2684 1451 2748 objecto
1474 2699 1561 2748 pa-

173 2762 358 2823 rallela,
381 2769 441 2811 ut
462 2762 520 2822 si,
545 2761 756 2827 exempli
785 2761 960 2826 gratia,
985 2761 1232 2824 objectum
1256 2760 1321 2809 sit
1342 2760 1395 2808 in
1418 2776 1561 2825 aqua,

175 2838 344 2892 oculus
388 2838 440 2888 in
491 2855 619 2899 aere,
667 2836 921 2903 apparebit
966 2837 1183 2901 obliqua,
1229 2844 1280 2884 et
1324 2836 1561 2888 accedens

176 2931 368 2981 semper
391 2914 455 2964 ad
477 2914 657 2964 lineam
682 2931 791 2979 quae
815 2912 977 2964 media
999 2909 1322 2963 disterminat.

1604 409 1731 443 SECT.
1752 407 1786 443 11

1576 1547 1692 1587 Regula
1704 1557 1757 1586 pro

1574 1593 1639 1621 loco
1648 1594 1805 1630 apparente

1575 1637 1681 1674 objecti
1690 1637 1745 1665 visi
1757 1646 1810 1675 per

1577 1681 1694 1709 unicam
1707 1681 1810 1709 refrac-

1576 1725 1684 1753 tionem
1692 1723 1843 1762 generalis.

1579 2542 1702 2581 Regulae

1579 2587 1658 2615 illius
1672 2587 1761 2626 appli-

1579 2631 1707 2660 cationes
1719 2631 1838 2669 aliquot.
