2020 3262
372 209 461 251 146
796 222 1074 256 PRAEFA'mo
1101 224 1172 256 AD
1199 225 1490 259 LEOTORES.

366 353 456 402 sim
489 354 784 419 inspiciatur,
819 358 929 405 sciri
962 374 1060 406 non
1093 365 1279 422 potest:
1315 361 1384 408 ita
1416 361 1467 408 in
1501 362 1609 424 jure
1645 363 1851 414 civitatis

366 454 636 519 civiumque
671 456 837 504 officiis
870 457 1229 521 investigandis,
1265 475 1385 521 opus
1416 467 1504 519 est,
1528 477 1626 508 non
1660 462 1853 524 quidem

365 562 422 603 ut
444 555 731 604 dissolvatur
754 557 935 616 civitas,
961 558 1046 606 sed
1078 565 1239 606 tamen
1271 567 1328 606 ut
1360 566 1590 623 tanquam
1624 561 1853 611 dissoluta

367 655 710 715 consideretur,
733 656 784 704 id
806 663 892 716 est,
910 664 966 704 ut
990 657 1141 719 qualis
1165 658 1226 705 sit
1248 664 1421 705 natura
1437 659 1661 718 humana,
1681 660 1852 722 quibus

364 758 506 805 rebus
529 758 592 805 ad
615 758 858 806 civitatem
892 758 1322 821 compaginandam
1356 765 1469 822 apta
1489 759 1566 807 vel
1587 759 1752 823 inepta
1773 760 1864 818 sit,-

365 866 414 907 et
437 859 676 922 quomodo
699 859 915 907 homines
936 859 1063 906 inter
1085 875 1134 906 se
1158 859 1381 922 componi
1409 859 1615 907 debeant
1638 860 1719 922 qui
1742 877 1852 909 coa-

363 959 542 1008 lescere
564 961 746 1018 volunt,
764 966 895 1007 recte
910 959 1220 1022 intelligatur.
1255 959 1420 1006 Talem
1439 974 1554 1021 ergo
1573 959 1852 1007 methodum

364 1068 571 1119 secutus,
605 1076 749 1123 pono,
779 1059 934 1122 primo
967 1059 1089 1117 loco,
1122 1074 1211 1122 pro
1244 1058 1478 1121 principio
1513 1059 1733 1106 omnibus
1766 1074 1853 1122 per

365 1161 711 1225 experientiam
731 1167 863 1219 noto,
887 1160 1108 1222 quodque
1142 1175 1283 1206 nemo
1307 1166 1381 1206 est
1415 1159 1497 1221 qui
1529 1175 1628 1206 non
1651 1160 1853 1207 confite-

364 1268 488 1319 atur,
511 1260 752 1318 nimirum,
770 1259 964 1322 ingenia
980 1259 1228 1306 hominum
1246 1258 1480 1320 ejusmodi
1500 1274 1600 1305 esse
1618 1274 1647 1305 a
1662 1265 1850 1316 natura,

363 1367 419 1408 ut
451 1360 544 1408 nisi
577 1368 711 1407 metu
742 1360 970 1423 potentiae
1003 1359 1202 1421 alicujus
1225 1358 1489 1405 communis
1523 1336 1853 1424 coerceantur,

363 1460 481 1520 fore,
504 1468 561 1508 ut
584 1460 674 1508 sibi
696 1460 900 1507 invicem
924 1458 1142 1505 diffidant
1165 1464 1214 1504 et
1238 1472 1338 1504 sese
1360 1464 1528 1506 mutuo
1545 1464 1779 1517 metuant,
1803 1465 1852 1506 et

363 1569 420 1609 ut
440 1560 647 1625 propriis
669 1559 847 1607 viribus
871 1556 1045 1620 singuli
1069 1555 1159 1603 sibi
1182 1571 1350 1603 cavere
1381 1571 1490 1603 cum
1518 1558 1627 1619 jure
1648 1557 1849 1620 possint,

365 1667 469 1709 tum
490 1659 759 1708 necessario
781 1658 947 1707 velint.
983 1655 1233 1719 Objicietis
1255 1655 1457 1702 fortasse
1479 1657 1734 1704 nonnullos
1758 1656 1850 1704 hoc

364 1777 556 1825 negare.
603 1761 680 1808 Ita
700 1774 814 1807 vero
838 1764 938 1812 est;
962 1754 1187 1819 permulti
1211 1754 1338 1801 enim
1366 1761 1560 1817 negant.
1607 1755 1851 1803 Numnam

364 1862 528 1925 igitur,
553 1860 636 1923 qui
658 1858 850 1907 eosdem
871 1857 999 1905 idem
1019 1862 1068 1903 et
1089 1854 1232 1902 fateri
1254 1861 1303 1901 et
1325 1870 1501 1917 negare
1520 1855 1644 1914 dico,
1662 1871 1850 1903 mecum

364 1962 467 2025 ipse
488 1958 685 2024 pugno?
721 1958 922 2006 Minime
946 1955 1140 2019 quidem
1163 1970 1268 2018 eg0,
1293 1953 1378 2002 sed
1400 1954 1483 2013 illi,
1508 1955 1604 2017 qui,
1623 1955 1753 2017 quod
1774 1971 1851 2003 ac-

364 2060 577 2108 tionibus
595 2059 900 2114 confitentur,
915 2055 968 2102 id
983 2055 1140 2118 ipsum
1158 2053 1375 2101 oratione
1392 2061 1586 2116 negant.
1621 2055 1849 2102 Videmus

335 2163 337 2165 ’
365 2160 586 2208 civitates
601 2173 779 2216 omnes,
796 2156 982 2204 etiamsi
1000 2171 1109 2202 cum
1122 2154 1291 2202 vicinis
1307 2169 1475 2216 pacem
1492 2154 1714 2212 habeant,
1729 2156 1848 2202 fines

363 2266 526 2307 tamen
559 2273 668 2305 suos
700 2255 935 2320 praesidiis
967 2254 1188 2311 militum,
1222 2253 1364 2299 urbes
1397 2252 1648 2310 moenibus,
1679 2253 1846 2315 portis,

364 2359 539 2423 vigiliis
557 2357 696 2405 tueri.
734 2356 975 2404 Quorsum
992 2354 1112 2410 haec,
1132 2352 1171 2399 si
1189 2367 1218 2398 a
1233 2351 1401 2398 vicinis
1418 2350 1536 2398 nihil
1553 2350 1845 2398 metuerent?

364 2460 593 2507 Videmus
608 2458 752 2504 etiam
764 2455 815 2502 in
829 2454 943 2518 ipsis
962 2451 1248 2509 civitatibus,
1262 2450 1345 2497 ubi
1357 2451 1487 2513 leges
1501 2457 1614 2496 sunt
1629 2455 1677 2496 et
1690 2465 1846 2511 poenae

362 2561 415 2608 in
447 2559 598 2607 malos
633 2557 922 2613 constitutae,
958 2554 1083 2601 cives
1116 2559 1277 2599 tamen
1311 2549 1572 2612 singulares
1606 2564 1761 2611 neque
1794 2549 1845 2596 in

363 2662 535 2710 itinere
558 2675 658 2707 esse
682 2646 783 2706 sine
804 2656 901 2704 telo
922 2654 995 2702 sui
1018 2651 1304 2700 defendendi
1322 2665 1478 2707 causa,
1494 2662 1648 2710 neque
1668 2647 1844 2694 dormi-

364 2768 470 2808 tum
491 2759 561 2806 ire
577 2758 671 2806 nisi
689 2755 919 2805 obseratis
936 2770 1036 2801 non
1052 2751 1195 2800 modo
1217 2750 1399 2799 foribus
1417 2753 1586 2794 contra
1609 2746 1843 2805 concives,

364 2858 449 2907 sed
465 2858 610 2906 etiam
626 2856 747 2904 arcis
761 2853 1058 2918 capsulisque
1074 2856 1243 2899 contra
1256 2846 1554 2896 domesticos,
1596 2844 1844 2892 Possintne
