<?xml version="1.0" encoding="UTF-8"?>
<!DOCTYPE html PUBLIC "-//W3C//DTD XHTML 1.0 Transitional//EN"
    "http://www.w3.org/TR/xhtml1/DTD/xhtml1-transitional.dtd">
<html xmlns="http://www.w3.org/1999/xhtml" xml:lang="en" lang="en">
 <head>
  <title>
</title>
<meta http-equiv="Content-Type" content="text/html;charset=utf-8" />
  <meta name='ocr-system' content='tesseract 3.04.00' />
  <meta name='ocr-capabilities' content='ocr_page ocr_carea ocr_par ocr_line ocrx_word'/>
</head>
<body>
  <div class='ocr_page' id='page_1' title='image "./operaphilosophic02hobbuoft_0210.png"; bbox 0 0 2020 3262; ppageno 0'>
   <div class='ocr_carea' id='block_1_1' title="bbox 465 271 1286 319">
    <p class='ocr_par' dir='ltr' id='par_1_1' title="bbox 465 271 1286 319">
     <span class='ocr_line' id='line_1_1' title="bbox 465 271 1286 319; baseline 0.009 -7"><span class='ocrx_word' id='word_1_1' title='bbox 465 271 554 313; x_wconf 89' lang='lat'>196</span> <span class='ocrx_word' id='word_1_2' title='bbox 1004 284 1286 319; x_wconf 77' lang='lat' dir='ltr'>LIBERTAS.</span> 
     </span>
    </p>
   </div>
   <div class='ocr_carea' id='block_1_2' title="bbox 171 391 1844 2859">
    <p class='ocr_par' dir='ltr' id='par_1_2' title="bbox 199 391 1843 1131">
     <span class='ocr_line' id='line_1_2' title="bbox 199 391 1839 463; baseline 0.005 -25"><span class='ocrx_word' id='word_1_3' title='bbox 199 413 328 447; x_wconf 73' lang='lat' dir='ltr'>sEcT,</span> <span class='ocrx_word' id='word_1_4' title='bbox 348 414 416 449; x_wconf 76' lang='lat'>111,</span> <span class='ocrx_word' id='word_1_5' title='bbox 458 391 675 439; x_wconf 85' lang='lat' dir='ltr'>tionibus</span> <span class='ocrx_word' id='word_1_6' title='bbox 714 393 1067 457; x_wconf 88' lang='lat' dir='ltr'>intelliguntur,</span> <span class='ocrx_word' id='word_1_7' title='bbox 1102 397 1194 444; x_wconf 93' lang='lat' dir='ltr'>hoc</span> <span class='ocrx_word' id='word_1_8' title='bbox 1231 403 1318 455; x_wconf 91' lang='lat' dir='ltr'>est,</span> <span class='ocrx_word' id='word_1_9' title='bbox 1356 405 1598 460; x_wconf 85' lang='lat' dir='ltr'>quatenus</span> <span class='ocrx_word' id='word_1_10' title='bbox 1635 398 1686 446; x_wconf 81' lang='lat' dir='ltr'>in</span> <span class='ocrx_word' id='word_1_11' title='bbox 1707 399 1839 463; x_wconf 77' lang='lat' dir='ltr'>foro</span> 
     </span>
     <span class='ocr_line' id='line_1_3' title="bbox 295 467 1841 536; baseline 0.006 -23"><span class='ocrx_word' id='word_1_12' title='bbox 295 468 325 499; x_wconf 78' lang='lat'>3·</span> <span class='ocrx_word' id='word_1_13' title='bbox 459 467 769 516; x_wconf 73' lang='lat' dir='ltr'>conscientioe</span> <span class='ocrx_word' id='word_1_14' title='bbox 792 477 1091 532; x_wconf 88' lang='lat' dir='ltr'>spectantur,</span> <span class='ocrx_word' id='word_1_15' title='bbox 1116 472 1199 519; x_wconf 91' lang='lat' dir='ltr'>ubi</span> <span class='ocrx_word' id='word_1_16' title='bbox 1223 472 1379 519; x_wconf 91' lang='lat' dir='ltr'>solum</span> <span class='ocrx_word' id='word_1_17' title='bbox 1399 473 1632 536; x_wconf 83' lang='lat' dir='ltr'>obligant,</span> <span class='ocrx_word' id='word_1_18' title='bbox 1657 480 1707 522; x_wconf 88' lang='lat' dir='ltr'>et</span> <span class='ocrx_word' id='word_1_19' title='bbox 1724 481 1841 522; x_wconf 85' lang='lat' dir='ltr'>sunt</span> 
     </span>
     <span class='ocr_line' id='line_1_4' title="bbox 457 541 1841 611; baseline 0.005 -22"><span class='ocrx_word' id='word_1_20' title='bbox 457 541 602 605; x_wconf 84' lang='lat' dir='ltr'>leges.</span> <span class='ocrx_word' id='word_1_21' title='bbox 673 543 903 592; x_wconf 84' lang='lat' dir='ltr'>Actiones</span> <span class='ocrx_word' id='word_1_22' title='bbox 921 552 1085 593; x_wconf 89' lang='lat' dir='ltr'>tamen</span> <span class='ocrx_word' id='word_1_23' title='bbox 1103 547 1172 594; x_wconf 92' lang='lat' dir='ltr'>ita</span> <span class='ocrx_word' id='word_1_24' title='bbox 1192 547 1505 595; x_wconf 88' lang='lat' dir='ltr'>diversificari</span> <span class='ocrx_word' id='word_1_25' title='bbox 1522 556 1727 611; x_wconf 88' lang='lat' dir='ltr'>possunt</span> <span class='ocrx_word' id='word_1_26' title='bbox 1745 548 1841 596; x_wconf 89' lang='lat' dir='ltr'>cir-</span> 
     </span>
     <span class='ocr_line' id='line_1_5' title="bbox 459 618 1840 687; baseline 0.007 -24"><span class='ocrx_word' id='word_1_27' title='bbox 459 618 764 666; x_wconf 87' lang='lat' dir='ltr'>cumstantiis</span> <span class='ocrx_word' id='word_1_28' title='bbox 780 626 828 667; x_wconf 87' lang='lat' dir='ltr'>et</span> <span class='ocrx_word' id='word_1_29' title='bbox 842 619 949 683; x_wconf 84' lang='lat' dir='ltr'>lege</span> <span class='ocrx_word' id='word_1_30' title='bbox 968 621 1113 678; x_wconf 88' lang='lat' dir='ltr'>civili,</span> <span class='ocrx_word' id='word_1_31' title='bbox 1128 629 1184 669; x_wconf 89' lang='lat' dir='ltr'>ut</span> <span class='ocrx_word' id='word_1_32' title='bbox 1199 638 1307 685; x_wconf 87' lang='lat' dir='ltr'>quae</span> <span class='ocrx_word' id='word_1_33' title='bbox 1322 638 1420 671; x_wconf 91' lang='lat' dir='ltr'>uno</span> <span class='ocrx_word' id='word_1_34' title='bbox 1435 629 1653 686; x_wconf 89' lang='lat' dir='ltr'>tempore</span> <span class='ocrx_word' id='word_1_35' title='bbox 1672 639 1840 687; x_wconf 87' lang='lat' dir='ltr'>aequae,</span> 
     </span>
     <span class='ocr_line' id='line_1_6' title="bbox 458 693 1841 760; baseline 0.004 -20"><span class='ocrx_word' id='word_1_36' title='bbox 458 693 554 741; x_wconf 89' lang='lat' dir='ltr'>alio</span> <span class='ocrx_word' id='word_1_37' title='bbox 578 693 787 757; x_wconf 83' lang='lat' dir='ltr'>iniquae3</span> <span class='ocrx_word' id='word_1_38' title='bbox 813 702 863 743; x_wconf 91' lang='lat' dir='ltr'>et</span> <span class='ocrx_word' id='word_1_39' title='bbox 886 711 994 759; x_wconf 86' lang='lat' dir='ltr'>quae</span> <span class='ocrx_word' id='word_1_40' title='bbox 1016 713 1115 744; x_wconf 91' lang='lat' dir='ltr'>uno</span> <span class='ocrx_word' id='word_1_41' title='bbox 1139 704 1358 760; x_wconf 88' lang='lat' dir='ltr'>tempore</span> <span class='ocrx_word' id='word_1_42' title='bbox 1384 714 1495 745; x_wconf 91' lang='lat' dir='ltr'>cum</span> <span class='ocrx_word' id='word_1_43' title='bbox 1519 698 1722 757; x_wconf 87' lang='lat' dir='ltr'>ratione,</span> <span class='ocrx_word' id='word_1_44' title='bbox 1746 697 1841 746; x_wconf 83' lang='lat' dir='ltr'>alio</span> 
     </span>
     <span class='ocr_line' id='line_1_7' title="bbox 459 769 1842 836; baseline 0.004 -21"><span class='ocrx_word' id='word_1_45' title='bbox 459 774 631 816; x_wconf 86' lang='lat' dir='ltr'>contra</span> <span class='ocrx_word' id='word_1_46' title='bbox 653 769 892 817; x_wconf 87' lang='lat' dir='ltr'>rationem</span> <span class='ocrx_word' id='word_1_47' title='bbox 920 770 1031 818; x_wconf 90' lang='lat' dir='ltr'>sint.</span> <span class='ocrx_word' id='word_1_48' title='bbox 1102 772 1247 819; x_wconf 84' lang='lat' dir='ltr'>Ratio</span> <span class='ocrx_word' id='word_1_49' title='bbox 1282 779 1446 820; x_wconf 89' lang='lat' dir='ltr'>tamen</span> <span class='ocrx_word' id='word_1_50' title='bbox 1482 773 1652 821; x_wconf 88' lang='lat' dir='ltr'>eadem</span> <span class='ocrx_word' id='word_1_51' title='bbox 1683 788 1842 836; x_wconf 89' lang='lat' dir='ltr'>neque</span> 
     </span>
     <span class='ocr_line' id='line_1_8' title="bbox 458 844 1840 910; baseline 0.004 -21"><span class='ocrx_word' id='word_1_52' title='bbox 458 844 606 890; x_wconf 90' lang='lat' dir='ltr'>finem</span> <span class='ocrx_word' id='word_1_53' title='bbox 625 851 796 902; x_wconf 86' lang='lat' dir='ltr'>mutat,</span> <span class='ocrx_word' id='word_1_54' title='bbox 816 861 924 908; x_wconf 81' lang='lat' dir='ltr'>quae</span> <span class='ocrx_word' id='word_1_55' title='bbox 945 853 1018 892; x_wconf 88' lang='lat' dir='ltr'>est</span> <span class='ocrx_word' id='word_1_56' title='bbox 1034 862 1146 909; x_wconf 75' lang='lat' dir='ltr'>pax</span> <span class='ocrx_word' id='word_1_57' title='bbox 1164 853 1213 893; x_wconf 82' lang='lat' dir='ltr'>et</span> <span class='ocrx_word' id='word_1_58' title='bbox 1229 846 1469 909; x_wconf 63' lang='lat' dir='ltr'>dqf&#39;ensiO,</span> <span class='ocrx_word' id='word_1_59' title='bbox 1490 863 1648 910; x_wconf 86' lang='lat' dir='ltr'>neque</span> <span class='ocrx_word' id='word_1_60' title='bbox 1665 847 1840 905; x_wconf 89' lang='lat' dir='ltr'>media,</span> 
     </span>
     <span class='ocr_line' id='line_1_9' title="bbox 458 919 1840 986; baseline 0.004 -21"><span class='ocrx_word' id='word_1_61' title='bbox 458 933 636 981; x_wconf 86' lang='lat' dir='ltr'>nempe</span> <span class='ocrx_word' id='word_1_62' title='bbox 661 919 809 966; x_wconf 88' lang='lat' dir='ltr'>animi</span> <span class='ocrx_word' id='word_1_63' title='bbox 831 921 1035 968; x_wconf 86' lang='lat' dir='ltr'>virtutes</span> <span class='ocrx_word' id='word_1_64' title='bbox 1058 937 1155 979; x_wconf 73' lang='lat' dir='ltr'>eae,</span> <span class='ocrx_word' id='word_1_65' title='bbox 1175 937 1293 984; x_wconf 89' lang='lat' dir='ltr'>quas</span> <span class='ocrx_word' id='word_1_66' title='bbox 1313 938 1459 984; x_wconf 85' lang='lat' dir='ltr'>supra</span> <span class='ocrx_word' id='word_1_67' title='bbox 1477 922 1840 986; x_wconf 85' lang='lat' dir='ltr'>declaravimus,</span> 
     </span>
     <span class='ocr_line' id='line_1_10' title="bbox 460 994 1843 1060; baseline 0.005 -21"><span class='ocrx_word' id='word_1_68' title='bbox 460 1009 663 1056; x_wconf 90' lang='lat' dir='ltr'>quaeque</span> <span class='ocrx_word' id='word_1_69' title='bbox 692 994 826 1041; x_wconf 90' lang='lat' dir='ltr'>nulla</span> <span class='ocrx_word' id='word_1_70' title='bbox 853 995 930 1042; x_wconf 87' lang='lat' dir='ltr'>vel</span> <span class='ocrx_word' id='word_1_71' title='bbox 966 996 1315 1044; x_wconf 89' lang='lat' dir='ltr'>consuetudine</span> <span class='ocrx_word' id='word_1_72' title='bbox 1349 997 1426 1044; x_wconf 92' lang='lat' dir='ltr'>vel</span> <span class='ocrx_word' id='word_1_73' title='bbox 1459 997 1566 1060; x_wconf 84' lang='lat' dir='ltr'>lege</span> <span class='ocrx_word' id='word_1_74' title='bbox 1603 997 1732 1045; x_wconf 90' lang='lat' dir='ltr'>civili</span> <span class='ocrx_word' id='word_1_75' title='bbox 1759 998 1843 1046; x_wconf 87' lang='lat' dir='ltr'>ab·</span> 
     </span>
     <span class='ocr_line' id='line_1_11' title="bbox 459 1068 865 1131; baseline 0.007 -17"><span class='ocrx_word' id='word_1_76' title='bbox 459 1068 623 1131; x_wconf 81' lang='lat' dir='ltr'>rogari</span> <span class='ocrx_word' id='word_1_77' title='bbox 646 1076 865 1131; x_wconf 90' lang='lat' dir='ltr'>possunt.</span> 
     </span>
    </p>

    <p class='ocr_par' dir='ltr' id='par_1_3' title="bbox 171 1143 1844 1810">
     <span class='ocr_line' id='line_1_12' title="bbox 177 1143 1841 1210; baseline 0.003 -19"><span class='ocrx_word' id='word_1_78' title='bbox 177 1162 441 1200; x_wconf 75' lang='lat' dir='ltr'>Quilegesnaturae</span> <span class='ocrx_word' id='word_1_79' title='bbox 526 1148 604 1190; x_wconf 88' lang='lat'>30.</span> <span class='ocrx_word' id='word_1_80' title='bbox 642 1143 783 1191; x_wconf 86' lang='lat' dir='ltr'>Patet</span> <span class='ocrx_word' id='word_1_81' title='bbox 808 1161 866 1192; x_wconf 88' lang='lat' dir='ltr'>ex</span> <span class='ocrx_word' id='word_1_82' title='bbox 891 1144 1126 1192; x_wconf 89' lang='lat' dir='ltr'>hactenus</span> <span class='ocrx_word' id='word_1_83' title='bbox 1153 1146 1310 1205; x_wconf 87' lang='lat' dir='ltr'>dictis,</span> <span class='ocrx_word' id='word_1_84' title='bbox 1333 1163 1477 1210; x_wconf 90' lang='lat' dir='ltr'>quam</span> <span class='ocrx_word' id='word_1_85' title='bbox 1491 1147 1657 1196; x_wconf 85' lang='lat' dir='ltr'>faciles</span> <span class='ocrx_word' id='word_1_86' title='bbox 1676 1148 1841 1196; x_wconf 86' lang='lat' dir='ltr'>obser-</span> 
     </span>
     <span class='ocr_line' id='line_1_13' title="bbox 171 1206 1839 1286; baseline 0.005 -24"><span class='ocrx_word' id='word_1_87' title='bbox 171 1206 442 1286; x_wconf 57' lang='lat' dir='ltr'>J3;‡‘‡¹{,{{”P¹⁶¹⁰’</span> <span class='ocrx_word' id='word_1_88' title='bbox 458 1224 574 1264; x_wconf 88' lang='lat' dir='ltr'>vatu</span> <span class='ocrx_word' id='word_1_89' title='bbox 593 1218 690 1265; x_wconf 90' lang='lat' dir='ltr'>sint</span> <span class='ocrx_word' id='word_1_90' title='bbox 713 1226 900 1266; x_wconf 80' lang='lat' dir='ltr'>naturae</span> <span class='ocrx_word' id='word_1_91' title='bbox 918 1220 1064 1283; x_wconf 82' lang='lat' dir='ltr'>leges,</span> <span class='ocrx_word' id='word_1_92' title='bbox 1091 1221 1267 1284; x_wconf 90' lang='lat' dir='ltr'>quippe</span> <span class='ocrx_word' id='word_1_93' title='bbox 1293 1238 1399 1284; x_wconf 85' lang='lat' dir='ltr'>quae</span> <span class='ocrx_word' id='word_1_94' title='bbox 1419 1230 1646 1270; x_wconf 89' lang='lat' dir='ltr'>conatum</span> <span class='ocrx_word' id='word_1_95' title='bbox 1669 1222 1839 1280; x_wconf 87' lang='lat' dir='ltr'>solum,</span> 
     </span>
     <span class='ocr_line' id='line_1_14' title="bbox 461 1292 1840 1360; baseline 0.005 -22"><span class='ocrx_word' id='word_1_96' title='bbox 461 1292 548 1339; x_wconf 88' lang='lat' dir='ltr'>sed</span> <span class='ocrx_word' id='word_1_97' title='bbox 570 1309 738 1340; x_wconf 84' lang='lat' dir='ltr'>verum</span> <span class='ocrx_word' id='word_1_98' title='bbox 755 1301 803 1340; x_wconf 89' lang='lat' dir='ltr'>et</span> <span class='ocrx_word' id='word_1_99' title='bbox 823 1303 1143 1354; x_wconf 80' lang='lat' dir='ltr'>constantem,</span> <span class='ocrx_word' id='word_1_100' title='bbox 1163 1296 1431 1359; x_wconf 87' lang='lat' dir='ltr'>requirunt,</span> <span class='ocrx_word' id='word_1_101' title='bbox 1452 1314 1596 1360; x_wconf 90' lang='lat' dir='ltr'>quem</span> <span class='ocrx_word' id='word_1_102' title='bbox 1620 1298 1703 1360; x_wconf 92' lang='lat' dir='ltr'>qui</span> <span class='ocrx_word' id='word_1_103' title='bbox 1716 1313 1840 1360; x_wconf 88' lang='lat' dir='ltr'>prae-</span> 
     </span>
     <span class='ocr_line' id='line_1_15' title="bbox 462 1368 1839 1435; baseline 0.004 -21"><span class='ocrx_word' id='word_1_104' title='bbox 462 1368 654 1427; x_wconf 82' lang='lat' dir='ltr'>stiterit,</span> <span class='ocrx_word' id='word_1_105' title='bbox 696 1384 806 1416; x_wconf 89' lang='lat' dir='ltr'>eum</span> <span class='ocrx_word' id='word_1_106' title='bbox 856 1378 989 1417; x_wconf 84' lang='lat' dir='ltr'>recte</span> <span class='ocrx_word' id='word_1_107' title='bbox 1028 1386 1283 1432; x_wconf 88' lang='lat' dir='ltr'>possumus</span> <span class='ocrx_word' id='word_1_108' title='bbox 1324 1387 1543 1420; x_wconf 66' lang='lat' dir='ltr'>,IUSTUM</span> <span class='ocrx_word' id='word_1_109' title='bbox 1581 1373 1839 1435; x_wconf 87' lang='lat' dir='ltr'>appellare.</span> 
     </span>
     <span class='ocr_line' id='line_1_16' title="bbox 461 1443 1841 1505; baseline 0.005 -16"><span class='ocrx_word' id='word_1_110' title='bbox 461 1443 589 1490; x_wconf 89' lang='lat' dir='ltr'>Nam</span> <span class='ocrx_word' id='word_1_111' title='bbox 614 1443 698 1505; x_wconf 89' lang='lat' dir='ltr'>qui</span> <span class='ocrx_word' id='word_1_112' title='bbox 723 1450 828 1490; x_wconf 89' lang='lat' dir='ltr'>toto</span> <span class='ocrx_word' id='word_1_113' title='bbox 853 1452 1032 1491; x_wconf 88' lang='lat' dir='ltr'>conatu</span> <span class='ocrx_word' id='word_1_114' title='bbox 1055 1445 1118 1492; x_wconf 92' lang='lat' dir='ltr'>ad</span> <span class='ocrx_word' id='word_1_115' title='bbox 1152 1445 1203 1491; x_wconf 91' lang='lat' dir='ltr'>id</span> <span class='ocrx_word' id='word_1_116' title='bbox 1227 1446 1399 1505; x_wconf 90' lang='lat' dir='ltr'>tendit,</span> <span class='ocrx_word' id='word_1_117' title='bbox 1424 1455 1481 1494; x_wconf 88' lang='lat' dir='ltr'>ut</span> <span class='ocrx_word' id='word_1_118' title='bbox 1499 1463 1664 1495; x_wconf 91' lang='lat' dir='ltr'>omnes</span> <span class='ocrx_word' id='word_1_119' title='bbox 1689 1447 1841 1495; x_wconf 88' lang='lat' dir='ltr'>actio-</span> 
     </span>
     <span class='ocr_line' id='line_1_17' title="bbox 461 1518 1841 1583; baseline 0.006 -20"><span class='ocrx_word' id='word_1_120' title='bbox 461 1533 546 1564; x_wconf 83' lang='lat' dir='ltr'>nes</span> <span class='ocrx_word' id='word_1_121' title='bbox 572 1533 669 1564; x_wconf 87' lang='lat' dir='ltr'>suae</span> <span class='ocrx_word' id='word_1_122' title='bbox 695 1518 791 1565; x_wconf 87' lang='lat' dir='ltr'>sint</span> <span class='ocrx_word' id='word_1_123' title='bbox 820 1519 1085 1565; x_wconf 89' lang='lat' dir='ltr'>secundum</span> <span class='ocrx_word' id='word_1_124' title='bbox 1107 1527 1351 1583; x_wconf 82' lang='lat' dir='ltr'>praecepta</span> <span class='ocrx_word' id='word_1_125' title='bbox 1378 1529 1580 1581; x_wconf 79' lang='lat' dir='ltr'>naturae,</span> <span class='ocrx_word' id='word_1_126' title='bbox 1606 1523 1734 1570; x_wconf 82' lang='lat' dir='ltr'>clare</span> <span class='ocrx_word' id='word_1_127' title='bbox 1763 1539 1841 1571; x_wconf 88' lang='lat' dir='ltr'>os-</span> 
     </span>
     <span class='ocr_line' id='line_1_18' title="bbox 460 1592 1843 1657; baseline 0.006 -19"><span class='ocrx_word' id='word_1_128' title='bbox 460 1592 621 1639; x_wconf 86' lang='lat' dir='ltr'>tendit</span> <span class='ocrx_word' id='word_1_129' title='bbox 645 1593 860 1641; x_wconf 83' lang='lat' dir='ltr'>animum</span> <span class='ocrx_word' id='word_1_130' title='bbox 896 1609 945 1640; x_wconf 91' lang='lat' dir='ltr'>se</span> <span class='ocrx_word' id='word_1_131' title='bbox 977 1594 1158 1641; x_wconf 88' lang='lat' dir='ltr'>habere</span> <span class='ocrx_word' id='word_1_132' title='bbox 1200 1595 1331 1657; x_wconf 84' lang='lat' dir='ltr'>leges</span> <span class='ocrx_word' id='word_1_133' title='bbox 1371 1613 1451 1644; x_wconf 90' lang='lat' dir='ltr'>eas</span> <span class='ocrx_word' id='word_1_134' title='bbox 1493 1613 1658 1645; x_wconf 89' lang='lat' dir='ltr'>omnes</span> <span class='ocrx_word' id='word_1_135' title='bbox 1692 1598 1843 1646; x_wconf 87' lang='lat' dir='ltr'>adim-</span> 
     </span>
     <span class='ocr_line' id='line_1_19' title="bbox 461 1668 1843 1735; baseline 0.005 -21"><span class='ocrx_word' id='word_1_136' title='bbox 461 1668 643 1730; x_wconf 89' lang='lat' dir='ltr'>plendi,</span> <span class='ocrx_word' id='word_1_137' title='bbox 677 1668 807 1730; x_wconf 90' lang='lat' dir='ltr'>quod</span> <span class='ocrx_word' id='word_1_138' title='bbox 842 1675 915 1715; x_wconf 85' lang='lat' dir='ltr'>est</span> <span class='ocrx_word' id='word_1_139' title='bbox 947 1685 1089 1716; x_wconf 90' lang='lat' dir='ltr'>omne</span> <span class='ocrx_word' id='word_1_140' title='bbox 1130 1669 1195 1728; x_wconf 91' lang='lat' dir='ltr'>id,</span> <span class='ocrx_word' id='word_1_141' title='bbox 1234 1670 1297 1717; x_wconf 86' lang='lat' dir='ltr'>ad</span> <span class='ocrx_word' id='word_1_142' title='bbox 1338 1671 1469 1733; x_wconf 88' lang='lat' dir='ltr'>quod</span> <span class='ocrx_word' id='word_1_143' title='bbox 1511 1672 1780 1735; x_wconf 85' lang='lat' dir='ltr'>obligamur</span> <span class='ocrx_word' id='word_1_144' title='bbox 1814 1690 1843 1720; x_wconf 87' lang='lat' dir='ltr'>a</span> 
     </span>
     <span class='ocr_line' id='line_1_20' title="bbox 461 1743 1844 1810; baseline 0.005 -21"><span class='ocrx_word' id='word_1_145' title='bbox 461 1749 638 1790; x_wconf 88' lang='lat' dir='ltr'>natura</span> <span class='ocrx_word' id='word_1_146' title='bbox 671 1743 910 1791; x_wconf 87' lang='lat' dir='ltr'>rationali.</span> <span class='ocrx_word' id='word_1_147' title='bbox 983 1744 1081 1792; x_wconf 71' lang='lat' dir='ltr'>Qui</span> <span class='ocrx_word' id='word_1_148' title='bbox 1104 1760 1218 1792; x_wconf 84' lang='lat' dir='ltr'>vero</span> <span class='ocrx_word' id='word_1_149' title='bbox 1254 1752 1414 1793; x_wconf 87' lang='lat' dir='ltr'>totum</span> <span class='ocrx_word' id='word_1_150' title='bbox 1443 1746 1493 1794; x_wconf 90' lang='lat' dir='ltr'>id</span> <span class='ocrx_word' id='word_1_151' title='bbox 1516 1747 1757 1810; x_wconf 85' lang='lat' dir='ltr'>praestitit,</span> <span class='ocrx_word' id='word_1_152' title='bbox 1781 1748 1844 1796; x_wconf 83' lang='lat' dir='ltr'>ad.</span> 
     </span>
    </p>

    <p class='ocr_par' dir='ltr' id='par_1_4' title="bbox 216 1818 1844 2859">
     <span class='ocr_line' id='line_1_21' title="bbox 463 1818 1312 1881; baseline 0.004 -16"><span class='ocrx_word' id='word_1_153' title='bbox 463 1818 593 1880; x_wconf 90' lang='lat' dir='ltr'>quod</span> <span class='ocrx_word' id='word_1_154' title='bbox 618 1819 860 1881; x_wconf 84' lang='lat' dir='ltr'>obligatus</span> <span class='ocrx_word' id='word_1_155' title='bbox 887 1827 1006 1878; x_wconf 85' lang='lat' dir='ltr'>erat,</span> <span class='ocrx_word' id='word_1_156' title='bbox 1026 1821 1200 1881; x_wconf 70' lang='lat' dir='ltr'>justus</span> <span class='ocrx_word' id='word_1_157' title='bbox 1225 1828 1312 1868; x_wconf 89' lang='lat' dir='ltr'>est.</span> 
     </span>
     <span class='ocr_line' id='line_1_22' title="bbox 220 1895 1844 1962; baseline 0.003 -23"><span class='ocrx_word' id='word_1_158' title='bbox 220 1912 282 1939; x_wconf 70' lang='lat' dir='ltr'>Lex</span> <span class='ocrx_word' id='word_1_159' title='bbox 294 1914 378 1939; x_wconf 75' lang='lat' dir='ltr'>natu-</span> <span class='ocrx_word' id='word_1_160' title='bbox 532 1900 610 1941; x_wconf 90' lang='lat'>31.</span> <span class='ocrx_word' id='word_1_161' title='bbox 648 1895 827 1956; x_wconf 84' lang='lat' dir='ltr'>Legem</span> <span class='ocrx_word' id='word_1_162' title='bbox 878 1895 1152 1941; x_wconf 85' lang='lat' dir='ltr'>naturalem</span> <span class='ocrx_word' id='word_1_163' title='bbox 1194 1895 1397 1942; x_wconf 90' lang='lat' dir='ltr'>eandem</span> <span class='ocrx_word' id='word_1_164' title='bbox 1434 1911 1536 1943; x_wconf 87' lang='lat' dir='ltr'>esse</span> <span class='ocrx_word' id='word_1_165' title='bbox 1583 1913 1694 1944; x_wconf 89' lang='lat' dir='ltr'>cum</span> <span class='ocrx_word' id='word_1_166' title='bbox 1731 1897 1844 1962; x_wconf 81' lang='lat' dir='ltr'>lege</span> 
     </span>
     <span class='ocr_line' id='line_1_23' title="bbox 216 1955 1844 2034; baseline 0.004 -20"><span class='ocrx_word' id='word_1_167' title='bbox 216 1955 285 2029; x_wconf 53' lang='grc' dir='ltr'>Ἐξ</span> <span class='ocrx_word' id='word_1_168' title='bbox 299 1955 416 2029; x_wconf 54' lang='grc' dir='ltr'>ἶξξζζ,</span> <span class='ocrx_word' id='word_1_169' title='bbox 462 1968 659 2027; x_wconf 81' lang='lat' dir='ltr'>morali,</span> <span class='ocrx_word' id='word_1_170' title='bbox 685 1969 995 2016; x_wconf 89' lang='lat' dir='ltr'>consentiunt</span> <span class='ocrx_word' id='word_1_171' title='bbox 1015 1986 1182 2016; x_wconf 89' lang='lat' dir='ltr'>omnes</span> <span class='ocrx_word' id='word_1_172' title='bbox 1207 1970 1482 2033; x_wconf 87' lang='lat' dir='ltr'>scriptores.</span> <span class='ocrx_word' id='word_1_173' title='bbox 1532 1971 1588 2018; x_wconf 92' lang='lat' dir='ltr'>Id</span> <span class='ocrx_word' id='word_1_174' title='bbox 1615 1987 1763 2034; x_wconf 89' lang='lat' dir='ltr'>quare</span> <span class='ocrx_word' id='word_1_175' title='bbox 1781 1972 1844 2020; x_wconf 86' lang='lat' dir='ltr'>sit</span> 
     </span>
     <span class='ocr_line' id='line_1_24' title="bbox 462 2043 1843 2108; baseline 0.004 -18"><span class='ocrx_word' id='word_1_176' title='bbox 462 2059 648 2102; x_wconf 87' lang='lat' dir='ltr'>verum,</span> <span class='ocrx_word' id='word_1_177' title='bbox 672 2043 937 2091; x_wconf 79' lang='lat' dir='ltr'>videamus.</span> <span class='ocrx_word' id='word_1_178' title='bbox 1010 2044 1272 2091; x_wconf 83' lang='lat' dir='ltr'>Sciendum</span> <span class='ocrx_word' id='word_1_179' title='bbox 1303 2045 1453 2108; x_wconf 84' lang='lat' dir='ltr'>igitur</span> <span class='ocrx_word' id='word_1_180' title='bbox 1485 2053 1575 2103; x_wconf 88' lang='lat' dir='ltr'>est,</span> <span class='ocrx_word' id='word_1_181' title='bbox 1599 2046 1769 2094; x_wconf 81' lang='lat' dir='ltr'>bonum</span> <span class='ocrx_word' id='word_1_182' title='bbox 1792 2055 1843 2095; x_wconf 87' lang='lat' dir='ltr'>et</span> 
     </span>
     <span class='ocr_line' id='line_1_25' title="bbox 462 2118 1841 2184; baseline 0.004 -20"><span class='ocrx_word' id='word_1_183' title='bbox 462 2118 638 2165; x_wconf 80' lang='lat' dir='ltr'>malum</span> <span class='ocrx_word' id='word_1_184' title='bbox 674 2118 873 2165; x_wconf 87' lang='lat' dir='ltr'>nomina</span> <span class='ocrx_word' id='word_1_185' title='bbox 897 2135 1000 2166; x_wconf 86' lang='lat' dir='ltr'>esse</span> <span class='ocrx_word' id='word_1_186' title='bbox 1035 2119 1179 2166; x_wconf 89' lang='lat' dir='ltr'>rebus</span> <span class='ocrx_word' id='word_1_187' title='bbox 1210 2119 1434 2182; x_wconf 87' lang='lat' dir='ltr'>imposita</span> <span class='ocrx_word' id='word_1_188' title='bbox 1470 2121 1533 2168; x_wconf 90' lang='lat' dir='ltr'>ad</span> <span class='ocrx_word' id='word_1_189' title='bbox 1566 2121 1841 2184; x_wconf 87' lang='lat' dir='ltr'>significan-</span> 
     </span>
     <span class='ocr_line' id='line_1_26' title="bbox 465 2194 1841 2258; baseline 0.004 -19"><span class='ocrx_word' id='word_1_190' title='bbox 465 2194 581 2240; x_wconf 90' lang='lat' dir='ltr'>dum</span> <span class='ocrx_word' id='word_1_191' title='bbox 605 2194 890 2256; x_wconf 82' lang='lat' dir='ltr'>appetitum,</span> <span class='ocrx_word' id='word_1_192' title='bbox 915 2194 991 2241; x_wconf 90' lang='lat' dir='ltr'>vel</span> <span class='ocrx_word' id='word_1_193' title='bbox 1015 2195 1317 2241; x_wconf 88' lang='lat' dir='ltr'>aversionem</span> <span class='ocrx_word' id='word_1_194' title='bbox 1342 2211 1508 2242; x_wconf 88' lang='lat' dir='ltr'>eorum</span> <span class='ocrx_word' id='word_1_195' title='bbox 1523 2212 1552 2243; x_wconf 90' lang='lat' dir='ltr'>a</span> <span class='ocrx_word' id='word_1_196' title='bbox 1575 2197 1748 2258; x_wconf 89' lang='lat' dir='ltr'>quibus</span> <span class='ocrx_word' id='word_1_197' title='bbox 1772 2197 1841 2245; x_wconf 90' lang='lat' dir='ltr'>sic</span> 
     </span>
     <span class='ocr_line' id='line_1_27' title="bbox 463 2268 1841 2334; baseline 0.004 -20"><span class='ocrx_word' id='word_1_198' title='bbox 463 2268 789 2315; x_wconf 88' lang='lat' dir='ltr'>nominantur.</span> <span class='ocrx_word' id='word_1_199' title='bbox 859 2268 1117 2331; x_wconf 87' lang='lat' dir='ltr'>Appetitus</span> <span class='ocrx_word' id='word_1_200' title='bbox 1155 2276 1316 2316; x_wconf 83' lang='lat' dir='ltr'>autem</span> <span class='ocrx_word' id='word_1_201' title='bbox 1351 2271 1603 2318; x_wconf 90' lang='lat' dir='ltr'>hominum</span> <span class='ocrx_word' id='word_1_202' title='bbox 1641 2287 1730 2334; x_wconf 91' lang='lat' dir='ltr'>pro</span> <span class='ocrx_word' id='word_1_203' title='bbox 1769 2272 1841 2319; x_wconf 92' lang='lat' dir='ltr'>di-</span> 
     </span>
     <span class='ocr_line' id='line_1_28' title="bbox 464 2344 1841 2410; baseline 0.003 -20"><span class='ocrx_word' id='word_1_204' title='bbox 464 2344 614 2390; x_wconf 87' lang='lat' dir='ltr'>versis</span> <span class='ocrx_word' id='word_1_205' title='bbox 639 2359 805 2390; x_wconf 89' lang='lat' dir='ltr'>eorum</span> <span class='ocrx_word' id='word_1_206' title='bbox 829 2345 1242 2407; x_wconf 85' lang='lat' dir='ltr'>temperamentis,</span> <span class='ocrx_word' id='word_1_207' title='bbox 1268 2345 1713 2406; x_wconf 90' lang='lat' dir='ltr'>consuetudinibus,</span> <span class='ocrx_word' id='word_1_208' title='bbox 1738 2348 1841 2410; x_wconf 89' lang='lat' dir='ltr'>opi-</span> 
     </span>
     <span class='ocr_line' id='line_1_29' title="bbox 462 2419 1840 2482; baseline 0.004 -17"><span class='ocrx_word' id='word_1_209' title='bbox 462 2419 802 2482; x_wconf 87' lang='lat' dir='ltr'>nionibusque,</span> <span class='ocrx_word' id='word_1_210' title='bbox 821 2419 996 2467; x_wconf 88' lang='lat' dir='ltr'>diversi</span> <span class='ocrx_word' id='word_1_211' title='bbox 1021 2429 1156 2475; x_wconf 85' lang='lat' dir='ltr'>sunt3</span> <span class='ocrx_word' id='word_1_212' title='bbox 1192 2427 1248 2467; x_wconf 89' lang='lat' dir='ltr'>ut</span> <span class='ocrx_word' id='word_1_213' title='bbox 1265 2421 1429 2468; x_wconf 88' lang='lat' dir='ltr'>videre</span> <span class='ocrx_word' id='word_1_214' title='bbox 1445 2428 1517 2468; x_wconf 89' lang='lat' dir='ltr'>est</span> <span class='ocrx_word' id='word_1_215' title='bbox 1531 2421 1582 2468; x_wconf 91' lang='lat' dir='ltr'>in</span> <span class='ocrx_word' id='word_1_216' title='bbox 1599 2422 1657 2469; x_wconf 90' lang='lat' dir='ltr'>iis</span> <span class='ocrx_word' id='word_1_217' title='bbox 1680 2423 1840 2480; x_wconf 91' lang='lat' dir='ltr'>rebus,</span> 
     </span>
     <span class='ocr_line' id='line_1_30' title="bbox 465 2495 1838 2558; baseline 0.004 -18"><span class='ocrx_word' id='word_1_218' title='bbox 465 2510 583 2556; x_wconf 90' lang='lat' dir='ltr'>quas</span> <span class='ocrx_word' id='word_1_219' title='bbox 622 2510 765 2542; x_wconf 88' lang='lat' dir='ltr'>sensu</span> <span class='ocrx_word' id='word_1_220' title='bbox 786 2495 1097 2558; x_wconf 76' lang='lat' dir='ltr'>percipimus,</span> <span class='ocrx_word' id='word_1_221' title='bbox 1121 2502 1240 2558; x_wconf 90' lang='lat' dir='ltr'>puta</span> <span class='ocrx_word' id='word_1_222' title='bbox 1269 2503 1429 2558; x_wconf 79' lang='lat' dir='ltr'>gustU,</span> <span class='ocrx_word' id='word_1_223' title='bbox 1454 2503 1604 2555; x_wconf 86' lang='lat' dir='ltr'>tactu,</span> <span class='ocrx_word' id='word_1_224' title='bbox 1629 2496 1838 2546; x_wconf 87' lang='lat' dir='ltr'>olfactu:</span> 
     </span>
     <span class='ocr_line' id='line_1_31' title="bbox 460 2570 1841 2633; baseline 0.003 -17"><span class='ocrx_word' id='word_1_225' title='bbox 460 2570 545 2616; x_wconf 65' lang='lat' dir='ltr'>,sed</span> <span class='ocrx_word' id='word_1_226' title='bbox 569 2570 723 2616; x_wconf 88' lang='lat' dir='ltr'>multo</span> <span class='ocrx_word' id='word_1_227' title='bbox 747 2570 901 2633; x_wconf 84' lang='lat' dir='ltr'>magis</span> <span class='ocrx_word' id='word_1_228' title='bbox 925 2571 976 2617; x_wconf 89' lang='lat' dir='ltr'>in</span> <span class='ocrx_word' id='word_1_229' title='bbox 1000 2571 1059 2618; x_wconf 91' lang='lat' dir='ltr'>iis</span> <span class='ocrx_word' id='word_1_230' title='bbox 1082 2571 1242 2629; x_wconf 90' lang='lat' dir='ltr'>rebus,</span> <span class='ocrx_word' id='word_1_231' title='bbox 1268 2586 1374 2633; x_wconf 86' lang='lat' dir='ltr'>quae</span> <span class='ocrx_word' id='word_1_232' title='bbox 1407 2571 1652 2633; x_wconf 89' lang='lat' dir='ltr'>pertinent</span> <span class='ocrx_word' id='word_1_233' title='bbox 1677 2571 1741 2619; x_wconf 89' lang='lat' dir='ltr'>ad</span> <span class='ocrx_word' id='word_1_234' title='bbox 1763 2589 1841 2620; x_wconf 87' lang='lat' dir='ltr'>ac-</span> 
     </span>
     <span class='ocr_line' id='line_1_32' title="bbox 459 2644 1838 2708; baseline 0.004 -18"><span class='ocrx_word' id='word_1_235' title='bbox 459 2645 616 2691; x_wconf 88' lang='lat' dir='ltr'>tiones</span> <span class='ocrx_word' id='word_1_236' title='bbox 640 2644 752 2691; x_wconf 86' lang='lat' dir='ltr'>vitae</span> <span class='ocrx_word' id='word_1_237' title='bbox 778 2661 1072 2704; x_wconf 87' lang='lat' dir='ltr'>communes,</span> <span class='ocrx_word' id='word_1_238' title='bbox 1096 2645 1181 2692; x_wconf 91' lang='lat' dir='ltr'>ubi</span> <span class='ocrx_word' id='word_1_239' title='bbox 1205 2645 1335 2708; x_wconf 91' lang='lat' dir='ltr'>quod</span> <span class='ocrx_word' id='word_1_240' title='bbox 1358 2645 1436 2692; x_wconf 90' lang='lat' dir='ltr'>hic</span> <span class='ocrx_word' id='word_1_241' title='bbox 1460 2644 1651 2705; x_wconf 81' lang='lat' dir='ltr'>laudat,</span> <span class='ocrx_word' id='word_1_242' title='bbox 1675 2647 1726 2694; x_wconf 92' lang='lat' dir='ltr'>id</span> <span class='ocrx_word' id='word_1_243' title='bbox 1750 2656 1838 2707; x_wconf 90' lang='lat' dir='ltr'>est,</span> 
     </span>
     <span class='ocr_line' id='line_1_33' title="bbox 461 2719 1839 2784; baseline 0.003 -18"><span class='ocrx_word' id='word_1_244' title='bbox 461 2720 673 2782; x_wconf 89' lang='lat' dir='ltr'>appellat</span> <span class='ocrx_word' id='word_1_245' title='bbox 708 2719 894 2779; x_wconf 80' lang='lat' dir='ltr'>bonum,</span> <span class='ocrx_word' id='word_1_246' title='bbox 946 2721 1067 2768; x_wconf 88' lang='lat' dir='ltr'>alter</span> <span class='ocrx_word' id='word_1_247' title='bbox 1103 2721 1347 2784; x_wconf 88' lang='lat' dir='ltr'>vituperat</span> <span class='ocrx_word' id='word_1_248' title='bbox 1379 2728 1436 2767; x_wconf 89' lang='lat' dir='ltr'>ut</span> <span class='ocrx_word' id='word_1_249' title='bbox 1475 2720 1652 2768; x_wconf 79' lang='lat' dir='ltr'>malum</span> <span class='ocrx_word' id='word_1_250' title='bbox 1670 2740 1689 2776; x_wconf 94' lang='lat'>,·</span> <span class='ocrx_word' id='word_1_251' title='bbox 1741 2723 1839 2771; x_wconf 90' lang='lat' dir='ltr'>imo</span> 
     </span>
     <span class='ocr_line' id='line_1_34' title="bbox 461 2795 1839 2859; baseline 0.005 -20"><span class='ocrx_word' id='word_1_252' title='bbox 461 2795 721 2856; x_wconf 85' lang='lat' dir='ltr'>saepissime</span> <span class='ocrx_word' id='word_1_253' title='bbox 751 2795 880 2843; x_wconf 89' lang='lat' dir='ltr'>idem</span> <span class='ocrx_word' id='word_1_254' title='bbox 910 2796 1056 2844; x_wconf 92' lang='lat' dir='ltr'>homo</span> <span class='ocrx_word' id='word_1_255' title='bbox 1082 2796 1280 2844; x_wconf 84' lang='lat' dir='ltr'>diversis</span> <span class='ocrx_word' id='word_1_256' title='bbox 1303 2796 1603 2859; x_wconf 89' lang='lat' dir='ltr'>temporibus</span> <span class='ocrx_word' id='word_1_257' title='bbox 1635 2796 1765 2844; x_wconf 91' lang='lat' dir='ltr'>idem</span> <span class='ocrx_word' id='word_1_258' title='bbox 1789 2806 1839 2846; x_wconf 90' lang='lat' dir='ltr'>et</span> 
     </span>
    </p>
   </div>
   <div class='ocr_carea' id='block_1_3' title="bbox 460 2867 1840 2935">
    <p class='ocr_par' dir='ltr' id='par_1_5' title="bbox 460 2867 1840 2935">
     <span class='ocr_line' id='line_1_35' title="bbox 460 2867 1840 2935; baseline 0.006 -21"><span class='ocrx_word' id='word_1_259' title='bbox 460 2867 638 2916; x_wconf 74' lang='lat' dir='ltr'>laudat</span> <span class='ocrx_word' id='word_1_260' title='bbox 674 2877 723 2917; x_wconf 87' lang='lat' dir='ltr'>et</span> <span class='ocrx_word' id='word_1_261' title='bbox 754 2871 941 2935; x_wconf 77' lang='lat' dir='ltr'>culpat.</span> <span class='ocrx_word' id='word_1_262' title='bbox 1013 2872 1135 2919; x_wconf 84' lang='lat' dir='ltr'>Haec</span> <span class='ocrx_word' id='word_1_263' title='bbox 1159 2871 1275 2919; x_wconf 89' lang='lat' dir='ltr'>dum</span> <span class='ocrx_word' id='word_1_264' title='bbox 1308 2870 1511 2930; x_wconf 88' lang='lat' dir='ltr'>faciunt,</span> <span class='ocrx_word' id='word_1_265' title='bbox 1534 2887 1732 2921; x_wconf 89' lang='lat' dir='ltr'>necesse</span> <span class='ocrx_word' id='word_1_266' title='bbox 1767 2880 1840 2922; x_wconf 88' lang='lat' dir='ltr'>est</span> 
     </span>
    </p>
   </div>
  </div>
 </body>
</html>
