1968 3256
326 279 397 314 DE
424 279 564 314 Loco
593 279 820 314 OBJECTI
847 277 1197 324 APPARENTE,
1219 280 1337 314 Ero.
1473 271 1531 314 41

142 392 273 442 inter
290 408 358 441 se.
412 393 641 441 Sumatur
656 391 707 439 in
732 391 780 438 H
799 391 844 438 K
868 396 1004 438 recta
1029 390 1076 437 H
1095 390 1150 437 M
1175 390 1374 453 aequalis
1389 400 1537 440 rectae
1582 415 1709 448 SECT,
1732 378 1786 449 η’,

144 469 195 517 Η
214 469 276 528 D,
293 469 408 517 etin
427 469 450 516 I
466 469 506 516 L
528 476 664 516 recta
687 467 710 514 I
726 467 773 514 N
799 466 999 530 aequalis
1025 466 1047 513 I
1067 466 1129 521 E;
1155 473 1395 529 eruntque
1413 468 1451 514 C
1471 469 1537 524 H,
1666 468 1695 498 5·

144 545 194 593 H
215 545 286 604 M,
323 544 467 593 simul
502 549 723 607 sumptae,
760 542 971 606 aequales
1010 542 1098 590 uni
1135 541 1249 600 OD,
1285 542 1410 590 sicut
1435 543 1536 601 CI,
1554 561 1650 590 Locus
1663 563 1767 600 objecti

142 620 167 668 Ι
186 619 250 680 N,
271 621 415 669 simul
432 625 653 682 sumptae,
670 618 880 681 aequales
896 618 983 665 uni
1008 617 1047 666 C
1065 618 1106 665 E
1127 636 1137 665 :
1187 617 1272 665 sed
1297 618 1335 666 C
1354 618 1414 676 D,
1442 618 1479 665 C
1496 619 1536 665 E
1552 606 1789 685 ffl'cpuffffissggssvi}

142 705 260 746 sunt
273 697 399 746 radii
412 695 578 745 visorii
594 696 655 743 ab
673 695 751 758 obj
758 702 867 742 ecto
886 694 980 742 AB
997 694 1049 741 in
1067 693 1254 742 visione
1271 693 1471 752 directa,
1489 701 1537 741 et
1552 684 1819 772 ξῗρζξῇῗζξᾝζὲε

144 773 184 822 C
202 774 252 822 H
274 773 347 833 M,
372 773 411 821 C
431 773 516 821 IN
537 778 651 820 sunt
668 770 794 819 radii
809 770 870 818 ab
891 770 1084 834 objecto
1103 770 1275 818 eodem
1297 770 1536 818 translato
1552 786 1611 805 non
1625 778 1785 816 diaphanis-

141 849 194 898 in
218 851 265 898 K
285 850 326 898 L
358 849 411 897 in
433 848 618 896 visione
652 847 849 895 reflexa.
919 846 981 894 Et
1014 846 1223 910 angulus
1256 846 1450 894 visualis
1475 846 1539 894 ad

143 926 184 975 C
221 925 481 988 utrobique
522 923 669 972 idem.
739 922 1020 985 Eademque
1068 930 1142 970 est
1174 922 1247 970 vis
1287 922 1539 971 radiorum

142 1001 448 1066 surgentium
466 1001 526 1049 ab
553 1001 602 1048 H
628 1007 677 1048 et
700 1000 723 1048 I
747 998 812 1047 ad
835 999 890 1046 M
915 1005 964 1046 et
988 998 1052 1057 N,
1069 1015 1179 1062 quae
1198 1006 1272 1047 est
1290 999 1539 1047 radiorum

139 1077 512 1144 procedentium
537 1077 598 1125 ab
623 1076 797 1124 iisdem
824 1075 890 1133 H,
916 1075 938 1122 I
963 1074 1027 1122 ad
1050 1074 1112 1134 D,
1131 1075 1188 1123 E.
1258 1075 1540 1138 Apparebat

140 1162 305 1204 autem
346 1154 594 1218 objectum
639 1168 728 1216 per
772 1151 1010 1199 visionem
1052 1151 1289 1199 directam
1329 1152 1381 1199 in
1404 1152 1448 1199 D
1467 1154 1506 1200 E
1525 1174 1536 1208 ;

140 1231 432 1280 translatum
466 1245 583 1293 ergo
608 1229 660 1277 in
686 1229 731 1276 K
747 1228 788 1276 L
811 1227 1067 1291 apparebit
1100 1244 1189 1291 per
1222 1228 1538 1277 reflexionem

139 1307 192 1356 in
215 1304 392 1357 eadem*
412 1305 648 1355 distantia
677 1305 730 1352 in
754 1305 901 1352 rectis
927 1304 966 1352 C
986 1305 1052 1364 H,
1079 1305 1156 1352 CI
1180 1305 1449 1368 productis,
1470 1305 1539 1353 ita

0 1282 33 1345 ξ

0 1346 45 1479 ξ
139 1390 196 1432 ut
219 1384 269 1431 H
288 1383 350 1443 D,
375 1382 454 1431 IE
479 1382 579 1430 sint
597 1381 808 1445 aequales
833 1380 951 1444 ipsis
972 1381 1021 1428 H
1039 1379 1112 1439 Μ,
1141 1381 1243 1440 ΙΝ,
1267 1381 1319 1429 id
1356 1389 1443 1441 est,
1486 1382 1537 1430 in

16 1547 28 1573 ‚

7 1509 21 1534 ,ἦ
140 1460 270 1509 DE:
308 1458 494 1508 eaedem
517 1474 635 1522 ergo
672 1464 788 1505 sunt
823 1457 1005 1520 objecti
1043 1458 1333 1521 magnitudo
1359 1466 1409 1506 et
1441 1458 1538 1506 dis-

7 1530 24 1588 Ϊξ
99 1591 105 1596 ,
138 1536 296 1586 tantia
319 1541 609 1600 apparentes
632 1550 721 1598 per
735 1533 1052 1582 reflexionem
1075 1533 1127 1580 in
1152 1534 1350 1596 speculo
1374 1535 1537 1597 plano,
1573 1579 1576 1581 .

139 1629 250 1678 quae
264 1612 326 1660 ‘in
347 1611 535 1660 visione
556 1611 756 1658 directa.
829 1609 977 1659 Quod
1001 1617 1106 1657 erat
1128 1610 1451 1672 probandum.

207 1688 372 1738 Coroll
403 1703 441 1736 1.
479 1686 799 1735 Manifestum
829 1686 945 1733 hinc
978 1694 1067 1744 est,
1109 1686 1274 1734 locum
1314 1686 1538 1750 imaginis

138 1781 228 1830 per
274 1764 590 1813 reflexionem
636 1763 847 1811 eundem
886 1778 1005 1821 esse,
1045 1762 1129 1825 qui
1176 1771 1304 1811 esset
1346 1765 1536 1812 sublato

141 1841 355 1905 speculo,
380 1846 431 1889 et
466 1840 702 1888 translato
736 1840 928 1902 objecto
952 1839 1244 1887 tantundem
1267 1840 1399 1888 ultra
1431 1857 1536 1904 spe-

142 1918 240 1966 culi
260 1918 441 1976 locum,
464 1932 554 1981 per
575 1916 813 1965 visionem
837 1915 1090 1964 directam.

209 1993 388 2042 Coroll.
414 2008 476 2041 11.
523 1993 844 2041 Manifestum
883 1992 1002 2040 item
1039 1998 1129 2051 est,
1169 1992 1398 2057 deceptos
1436 2011 1538 2044 esse

139 2069 378 2118 hactenus
425 2069 686 2133 scriptores
725 2069 904 2132 opticae
936 2085 1119 2128 omnes,
1145 2070 1228 2132 qui
1258 2086 1358 2118 non
1389 2071 1537 2120 modo

142 2147 404 2205 affirmant,
429 2144 518 2193 sed
555 2160 647 2208 pro
683 2144 927 2192 axiomate
965 2151 1014 2192 et
1059 2144 1381 2194 fundamento
1422 2146 1537 2195 doc-

140 2222 285 2271 trinae
319 2238 420 2270 suae
466 2228 750 2285 posuerunt,
796 2220 960 2268 locum
1005 2220 1230 2285 imaginis
1277 2223 1537 2286 cujuslibet

141 2298 314 2363 puncti
331 2297 422 2346 visi
445 2313 534 2361 per
564 2297 880 2345 reflexionem
904 2312 1008 2344 esse
1043 2297 1095 2344 in
1128 2298 1536 2361 perpendiculari,

143 2391 252 2439 quae
278 2374 477 2422 ducitur
512 2373 574 2421 ab
599 2373 792 2436 objecto
818 2372 879 2421 ad
903 2373 1208 2436 superficiem
1234 2374 1286 2422 in
1311 2391 1407 2438 qua
1430 2392 1539 2439 spe-

144 2451 310 2499 culum
327 2450 478 2498 situm
496 2456 587 2508 est,
603 2448 751 2512 idque
765 2465 866 2497 non
889 2448 1046 2496 solum
1061 2450 1114 2497 in
1132 2451 1339 2513 speculis
1362 2452 1536 2515 planis,

142 2526 230 2576 sed
253 2525 400 2574 etiam
422 2525 475 2573 in
498 2525 728 2573 convexis
757 2531 807 2573 et
830 2525 1054 2573 concavis
1073 2546 1084 2581 ;
1120 2526 1173 2574 id
1196 2527 1329 2590 quod
1352 2544 1411 2575 ex
1434 2529 1540 2592 ipsa

83 2632 85 2634 >
143 2604 304 2667 figura
326 2601 379 2650 in
403 2600 614 2665 speculis
649 2600 822 2664 planis,
846 2607 1175 2664 praeterquam
1197 2603 1248 2650 in
1272 2602 1540 2653 incidentia

142 2679 394 2728 radiorum
438 2677 847 2742 perpendiculari,
895 2676 1072 2725 falsum
1131 2694 1234 2727 esse
1282 2681 1538 2730 manifeste

141 2762 294 2820 patet.
364 2755 470 2803 Imo
489 2755 531 2803 si
553 2770 724 2802 verum
754 2760 896 2811 esset,
921 2753 1115 2817 objecta
1150 2755 1313 2804 omnia
1335 2773 1539 2821 appare-

142 2838 254 2880 rent
275 2832 328 2880 in
361 2847 478 2880 vera
518 2847 688 2880 eorum
719 2829 1084 2893 magnitudine3
1122 2839 1173 2878 et
1210 2832 1298 2892 sol,
1337 2835 1420 2897 qui
1456 2851 1539 2899 ap-

142 2914 283 2971 paret
306 2907 409 2956 sine
433 2907 630 2971 speculo
650 2905 973 2971 semipedalis,
988 2915 1247 2971 appareret
1273 2909 1536 2975 in‘speculo
