2020 3262
416 234 487 267 DE
517 234 754 268 LEGIBUS
781 233 1019 267 NATURAE
1047 234 1327 273 RELIQUIS.
1477 226 1567 269 183

179 344 446 394 admodum
469 345 599 394 enim
616 345 673 404 is,
692 344 776 409 qui
795 344 1095 408 argumentis
1118 344 1312 406 cogitur
1334 343 1398 392 ad
1420 360 1567 407 nega·
1607 369 1737 402 SECT,
1758 369 1826 401 111,

178 421 366 470 tionem
388 422 668 470 assertionis
699 436 845 484 quam
875 420 1011 483 prius
1045 419 1359 476 sustinuerat,
1390 419 1569 468 dicitur
1707 422 1723 436 ‘²

179 497 338 562 redigi
355 497 420 546 ad
436 496 704 545 absurdum
719 515 738 552 ;
763 495 936 544 eodem
953 495 1101 543 modo
1120 495 1176 554 is,
1196 495 1279 558 qui
1296 510 1399 558 prae
1421 495 1571 542 animi

178 573 470 638 impotentia
491 572 610 620 facit
631 571 710 619 vel
738 571 924 619 omittit
947 571 1014 630 id,
1041 570 1173 634 quod
1205 586 1257 618 se
1289 587 1389 618 non
1412 570 1570 619 factu-

177 665 290 698 rum
310 649 389 698 vel
409 664 510 696 non
534 647 825 695 omissurum
845 652 1000 711 paeto
1024 663 1111 694 suo
1130 655 1246 695 ante
1263 646 1570 710 promiserat,

179 724 416 788 injuriam
433 723 575 777 facit;
600 738 759 787 neque
777 723 938 770 minus
962 721 1014 769 in
1032 721 1473 770 contradictionem
1495 722 1570 769 in-

178 800 314 859 cidit,
338 816 484 864 quam
509 799 593 863 qui
615 799 667 847 in
700 799 878 847 scholis
912 798 1165 846 reducitur
1194 798 1258 847 ad
1289 798 1568 846 absurdum.

179 875 309 924 Nam
331 876 550 925 futuram
571 876 816 924 actionem
845 874 1156 939 paciscendo,
1179 874 1286 922 vult
1306 875 1441 931 fieri;
1471 890 1570 922 non

177 952 420 1009 faciendo,
443 952 550 1002 vult
572 968 674 1003 non
696 952 833 1000 fieri:
860 950 992 1015 quod
1023 957 1098 998 est
1120 950 1244 998 velle
1266 950 1374 998 fieri
1397 957 1448 998 et
1469 966 1571 998 non

177 1028 287 1077 fieri
322 1028 456 1077 idem
478 1028 653 1076 eodem
675 1034 925 1091 tempore:
973 1043 1081 1089 quae
1118 1026 1446 1075 contradictio
1479 1034 1569 1075 est.

177 1105 268 1153 Est
298 1104 464 1168 itaque
500 1104 705 1166 injuria,
731 1102 1026 1151 absurditas
1047 1102 1272 1166 quaedam
1293 1103 1345 1151 in
1369 1119 1571 1151 conver-

178 1180 384 1239 satione,
423 1180 550 1228 sicut
589 1179 884 1227 absurditas
917 1178 1108 1242 injuria
1150 1179 1374 1243 quaedam
1410 1187 1484 1228 est
1519 1179 1570 1228 in

177 1255 525 1320 disputatione.

243 1338 292 1380 4.
326 1332 401 1380 Ex
422 1331 500 1379 his
524 1331 760 1394 sequitur,
780 1331 1040 1394 injuriam*
1064 1332 1249 1380 nemini
1279 1332 1385 1380 fieri
1411 1348 1568 1396 posse,
1583 1342 1731 1393 Isi-urias}

176 1407 271 1455 nisi
294 1407 340 1455 ei
363 1407 562 1471 quicum
585 1407 738 1455 initur
753 1413 977 1472 pactam,
1003 1408 1105 1455 sive
1129 1408 1209 1456 cui
1230 1408 1414 1471 aliquid
1439 1408 1569 1456 dono
1586 1386 1817 1468 {Zffifssfficum

177 1484 348 1532 datum
362 1491 452 1543 est,
467 1484 546 1532 vel
560 1483 805 1548 cuipacto
813 1483 999 1546 aliquid
1014 1493 1090 1531 est
1102 1483 1410 1547 promissum.
1430 1484 1571 1533 Ideo-
1588 1474 1794 1503 ⁰⁰¹¹“‘²¹¹³¹¹¹¹¹⁸·

177 1576 274 1625 que
312 1559 540 1608 damnum
581 1567 632 1607 et
664 1558 854 1622 injuria
900 1559 1165 1622 saepissime
1207 1559 1567 1623 disjunguntur.

177 1635 308 1684 Nam
332 1635 374 1684 si
391 1635 615 1684 dominus
639 1651 796 1694 servo,
822 1635 905 1698 qui
930 1635 1260 1683 obedientiam
1284 1636 1376 1684 sibi
1398 1644 1570 1700 pactus

177 1719 270 1770 est,
294 1711 503 1775 imperet
519 1718 576 1760 ut
591 1711 850 1775 pecuniam
872 1711 1019 1759 tertio
1037 1719 1278 1771 numeret,
1298 1712 1375 1760 vel
1392 1713 1573 1761 benefi-

178 1788 310 1837 cium
325 1788 562 1848 conferat,
569 1788 610 1836 is
626 1788 666 1836 si
679 1804 779 1835 non
792 1787 956 1847 faciat,
966 1788 1198 1836 damnum
1207 1788 1403 1852 quidem
1409 1790 1571 1847 tertio,

178 1864 409 1928 injuriam
422 1871 588 1912 autem
603 1864 802 1913 domino
819 1865 907 1912 soli
922 1864 1054 1912 facit.
1082 1865 1162 1913 Sic
1181 1881 1374 1928 quoque
1388 1865 1439 1913 in
1454 1866 1571 1914 civi-

177 1948 296 2000 tate,
321 1941 362 1989 si
385 1940 493 2004 quis
517 1940 663 1989 alicui
694 1948 883 2000 noceat,
910 1940 1108 2004 quicum
1139 1941 1261 1989 nihil
1283 1947 1456 2005 pactus
1479 1950 1570 2002 est,

1716 436 1734 450 Ι.

1624 438 1812 490 »μζ-,κ

229 2110 256 2134 ¹*
267 2107 459 2159 Injuriam
476 2108 629 2154 nemini,
655 2108 739 2158 ξω]
771 2107 971 2159 Injustitioe
985 2120 1123 2146 nomen
1137 2108 1327 2159 significat
1345 2109 1501 2148 relative
1519 2111 1569 2149 ad

177 2170 320 2221 legem3
338 2170 499 2220 injurioe,
518 2175 601 2208 tum
612 2171 662 2208 ad
678 2170 814 2221 legem,
825 2175 908 2208 tum
927 2170 975 2208 ad
989 2182 1192 2219 personam
1207 2177 1363 2209 certam.
1391 2171 1493 2209 Nam
1511 2172 1569 2209 in-

171 2233 332 2284 justum,
361 2233 539 2270 omnibus
574 2232 757 2283 injustum
789 2237 867 2277 est;
911 2232 1050 2283 injuria
1084 2244 1176 2270 vero
1212 2237 1339 2282 potaet
1367 2246 1460 2280 esse,
1497 2246 1569 2272 nec

178 2300 306 2332 tamen
330 2294 424 2332 mihi
451 2294 512 2332 vel
538 2294 605 2338 illi,
640 2294 707 2332 sed
725 2294 810 2332 alii:
838 2299 877 2332 et
895 2293 1125 2344 quandoque
1154 2295 1306 2347 nemini
1324 2296 1484 2345 privato,
1503 2296 1569 2334 sed

179 2356 324 2394 civitati
342 2361 516 2400 tantum;
543 2357 658 2394 etiam
678 2368 750 2394 nec
768 2356 912 2393 homini
932 2356 1113 2406 cuiquam
1143 2369 1214 2394 nec
1237 2357 1394 2402 civitati,
1414 2357 1480 2394 sed
1499 2357 1570 2395 soli

179 2416 280 2456 Deo.
334 2417 436 2455 Nam
461 2423 575 2468 pacto
595 2423 633 2455 et
649 2417 748 2469 juris
766 2417 1011 2456 translatione
1029 2418 1084 2463 fit,
1103 2423 1148 2455 ut
1166 2418 1304 2469 injuria
1322 2420 1361 2456 in
1388 2419 1492 2457 hune
1508 2419 1569 2457 vel

178 2479 287 2517 illum
304 2479 388 2518 fieri
407 2479 567 2518 dicatur.
621 2479 728 2517 Hinc
747 2484 815 2525 est,
828 2479 931 2530 quod
945 2480 985 2516 in
999 2479 1103 2517 omni
1122 2480 1275 2518 civitate
1286 2480 1369 2518 fieri
1384 2480 1567 2527 videmus,

179 2553 268 2592 quae
294 2541 434 2592 privati
452 2542 625 2579 homines
653 2542 753 2578 inter
770 2553 810 2579 se
830 2541 947 2578 verbo
966 2541 1026 2578 vel
1043 2541 1186 2591 scripto
1205 2542 1446 2588 contrahunt,
1465 2543 1567 2593 exigi

179 2602 241 2641 vel
258 2603 401 2641 remitti
418 2603 576 2641 arbitrio
595 2602 810 2653 obligantis.
838 2601 992 2639 Damna
1011 2615 1112 2649 vero,
1131 2616 1218 2653 quae
1237 2603 1454 2641 inferuntur
1477 2616 1567 2642 con-

179 2669 240 2703 tra
255 2664 360 2716 leges
377 2665 552 2709 civitatis,
563 2669 608 2702 ut
626 2663 781 2709 furtum,
795 2664 1044 2702 homicidium
1060 2669 1100 2702 et
1116 2665 1264 2709 similia,
1276 2677 1353 2703 non
1372 2665 1421 2703 ad
1434 2665 1567 2703 volun-

177 2730 296 2764 tatem
314 2725 396 2777 ejus
422 2726 486 2764 cui
517 2725 700 2763 damnum
727 2730 784 2763 est
810 2725 968 2771 illatum,
986 2726 1054 2764 sed
1071 2727 1229 2765 arbitrio
1249 2727 1423 2774 civitatis,
1441 2727 1482 2765 id
1499 2733 1567 2774 est,

173 2786 288 2838 juxta
310 2787 415 2839 leges
441 2788 666 2826 constitutas
696 2786 894 2825 vindicari.
946 2787 1083 2839 Itaque
1117 2788 1257 2839 injuria
1285 2789 1325 2827 in
1353 2789 1466 2837 hunc,
1495 2789 1566 2828 nisi

179 2854 268 2900 post
280 2849 379 2902 juris
397 2850 435 2888 in
455 2850 557 2889 hunc
577 2847 877 2894 translationem,
896 2849 1057 2889 existere
1076 2863 1154 2890 non
1171 2855 1306 2901 potest.
