1982 3256
337 252 408 286 DE
435 251 575 286 Loco
598 250 825 285 OBJECTl
851 248 1195 294 APPARENTE,
1221 250 1339 284 ETc.
1481 238 1542 291 57

166 363 227 423 D,
253 363 424 412 oculus
447 363 724 425 ubicunque
747 360 799 408 in
822 361 892 415 E;
930 366 1324 423 supponaturque
1352 360 1388 406 E
1407 360 1452 408 A
1475 361 1546 408 ita
1590 385 1717 426 ssscr.
1743 384 1793 417 Π,

167 440 314 489 ducta
335 448 392 488 ut
414 440 594 505 reflexa
615 439 716 502 ejus
741 437 805 484 sit
827 436 873 484 A
889 435 946 494 C,
970 451 1138 483 secans
1161 436 1201 483 E
1223 435 1263 482 B
1285 435 1413 483 oculi
1435 452 1545 499 per-
1681 436 1710 468 ⁶·

70 579 76 586 ,
164 515 479 580 pendiculum
501 514 565 562 ad
596 513 801 576 angulos
837 518 1026 566 rectos;
1062 510 1236 574 sitque,
1261 511 1434 574 primo,
1459 512 1545 558 ob-

161 592 350 656 jectum
373 591 410 638 F
428 590 485 649 G,
510 606 540 637 a
574 589 711 652 cujus
743 587 965 636 terminis
1000 587 1037 634 F
1061 595 1112 635 et
1135 587 1177 635 G
1211 594 1548 650 supponantur

167 667 328 715 ductae
363 665 634 714 incidentes
671 665 709 712 F
733 665 799 723 H,
833 664 875 712 G
898 664 937 722 Ι,
980 679 1186 727 quarum
1220 663 1414 711 reflexae
1450 663 1549 710 sint

169 743 218 792 H
234 743 290 802 E,
317 742 409 801 IE,
435 741 725 790 accedentes
748 740 812 788 ad
835 740 1030 788 oculum
1051 739 1104 787 in
1125 740 1181 787 E.
1234 739 1407 788 Ductis
1432 755 1548 802 ergo

168 819 209 868 B
234 819 285 878 F,
311 816 409 866 BG
443 824 492 866 et
524 816 776 881 productis
812 816 975 880 quoad
1009 822 1176 864 secent
1207 815 1415 864 visuales
1449 816 1489 863 E
1511 816 1549 872 I,

167 897 208 945 E
228 896 295 954 H,
318 895 371 943 in
394 895 440 942 K
470 901 519 942 et
541 894 596 953 L,
619 893 863 942 videbitur
886 894 924 941 F
958 892 1009 940 in
1045 893 1108 949 K,
1132 900 1181 941 et
1204 892 1247 940 G
1276 892 1328 940 in
1360 892 1415 950 L,
1442 908 1551 955 quae

167 978 354 1037 puncta
378 971 423 1018 K
447 977 497 1019 et
519 971 559 1018 L
582 986 772 1033 semper
805 975 950 1017 erunt
982 969 1113 1016 inter
1144 968 1340 1016 oculum
1371 974 1421 1016 et
1444 984 1552 1031 spe-

170 1048 349 1106 culum,
366 1053 628 1110 propterea
646 1044 776 1109 quod
795 1052 911 1093 sunt
933 1045 984 1092 in
1003 1044 1121 1108 ipsis
1139 1044 1403 1093 visualibus
1426 1045 1466 1092 E
1484 1045 1550 1103 H,

11 1123 13 1126 ⁴
103 1132 107 1136 '
170 1125 266 1174 EI.
305 1124 505 1181 Rursus,
523 1122 587 1170 sit
603 1122 850 1186 objectum
874 1122 929 1169 M
948 1121 995 1168 N
1019 1121 1071 1168 in
1094 1121 1200 1184 ipsa
1213 1121 1343 1169 linea
1360 1121 1552 1184 appari-

169 1200 317 1250 tionis
351 1199 574 1246 maximae
609 1198 654 1246 A
673 1198 726 1246 C.
795 1197 1052 1245 Videbitur
1088 1213 1204 1261 ergo
1240 1198 1287 1245 N
1329 1198 1377 1245 in
1421 1205 1555 1245 recta

170 1278 216 1326 A
232 1277 288 1336 E,
314 1265 440 1324 et‘M
464 1275 516 1322 in
539 1281 676 1323 recta
699 1274 738 1322 C
760 1275 816 1322 E.
889 1274 987 1323 Sed
1008 1274 1256 1323 videbitur
1281 1290 1475 1338 quoque
1499 1274 1554 1321 M

170 1353 222 1401 in
244 1358 380 1400 recta
402 1351 443 1398 Β
460 1351 507 1399 Ν
524 1351 779 1415 producta,
798 1358 848 1399 et
867 1350 915 1399 N
931 1351 983 1398 in
1005 1357 1141 1399 recta
1165 1351 1205 1399 B
1221 1351 1276 1399 M
1300 1351 1554 1415 producta.

170 1427 428 1476 Videbitur
463 1442 580 1490 ergo
610 1427 665 1474 M
695 1426 748 1474 in
776 1427 835 1486 O,
861 1434 912 1474 et
941 1427 989 1474 N
1019 1427 1071 1474 in
1101 1427 1152 1486 P,
1184 1427 1279 1475 hoc
1314 1434 1403 1486 est,
1428 1427 1557 1475 inter

172 1504 364 1553 oculum
402 1509 453 1551 et
487 1502 752 1566 speculum.
825 1492 1037 1552 Quodsi
1061 1503 1114 1550 M
1134 1502 1182 1550 N
1206 1510 1334 1551 esset
1366 1509 1474 1551 tota
1506 1503 1558 1550 in

171 1581 302 1629 linea
323 1581 364 1628 E
385 1580 442 1640 B,
465 1579 559 1628 hoc
584 1587 673 1639 est,
693 1580 733 1628 si
757 1596 856 1627 non
880 1585 1008 1627 esset
1031 1579 1277 1643 objectum
1300 1579 1446 1638 reale,
1473 1578 1558 1627 sed

170 1663 412 1722 punctum
434 1656 849 1715 mathematicum,
873 1663 979 1703 tum
1012 1656 1218 1720 angulus
1256 1656 1310 1703 M
1327 1656 1367 1703 B
1383 1656 1430 1703 N
1457 1672 1561 1703 om-

171 1732 289 1781 nino
312 1731 456 1797 perit,
483 1732 769 1780 coeuntibus
806 1732 1028 1780 cruribus
1062 1732 1114 1780 in
1148 1732 1345 1780 unicam
1376 1739 1562 1780 rectam

174 1810 214 1857 B
235 1809 292 1867 E,
314 1824 463 1872 quam
498 1807 697 1871 quidem
730 1808 871 1856 lineae
894 1808 1100 1856 visuales
1133 1816 1300 1857 secant
1331 1809 1487 1856 ambae
1511 1808 1563 1855 in

173 1892 359 1950 puncto
382 1885 439 1943 E,
456 1883 508 1932 id
533 1891 622 1943 est,
646 1884 699 1931 in
722 1883 827 1947 ipso
853 1891 1021 1932 centro
1040 1884 1211 1933 retinae
1231 1902 1242 1938 ;
1270 1885 1355 1933 sed
1373 1900 1564 1932 merum

173 1967 427 2026 punctum,
471 1961 608 2023 cujus
642 1960 839 2008 termini
872 1960 995 2008 nulli
1029 1967 1156 2020 sunt,
1192 1960 1455 2024 imaginem
1491 1960 1565 2008 sui

174 2038 337 2086 facere
372 2052 474 2084 non
508 2043 687 2100 potest.
758 2035 1025 2100 Nunquam
1059 2052 1175 2100 ergo
1210 2037 1372 2101 imago
1397 2037 1491 2085 erit
1514 2037 1567 2084 in

174 2114 282 2178 ipso
319 2113 477 2172 oculo,
501 2128 663 2177 neque
700 2119 814 2176 post
852 2112 1062 2160 oculum.
1134 2112 1281 2161 Quod
1315 2119 1420 2161 erat
1453 2129 1568 2177 pro-

174 2189 408 2239 bandum.

245 2266 425 2315 Coroll.
460 2280 498 2314 1.
573 2265 773 2314 Quanto
809 2265 964 2329 magis
998 2265 1190 2313 accedit
1224 2265 1469 2328 objectum
1507 2263 1571 2312 ad

176 2350 363 2391 rectam
385 2342 430 2390 A
453 2342 508 2402 C,
531 2348 671 2390 tanto
694 2341 856 2405 imago
882 2341 984 2404 ejus
1009 2348 1058 2389 et
1080 2342 1235 2404 major
1259 2349 1331 2389 est
1355 2349 1405 2389 et
1427 2341 1568 2389 oculo

176 2419 403 2484 propior:
439 2418 492 2466 id
529 2418 661 2481 quod
696 2425 832 2482 patet
867 2434 926 2465 ex
960 2418 1064 2481 ipsa
1099 2417 1465 2482 diagrammatis
1495 2418 1569 2466 in-

179 2495 444 2559 spectione.

245 2576 292 2619 9.
329 2570 389 2618 In
421 2585 518 2634 quo
554 2577 738 2634 puncto
771 2570 1017 2634 objectum
1041 2578 1091 2619 et
1113 2571 1275 2635 imago
1307 2587 1358 2619 se
1393 2578 1566 2620 mutuo
1585 2584 1641 2614 Pm
1642 2588 1765 2615 cuotm
1748 2588 1831 2660 objgn

178 2653 404 2710 tangunt,
429 2646 480 2694 in
507 2663 565 2695 eo
590 2654 665 2695 est
701 2654 925 2694 centrum
958 2648 1156 2711 speculi.
1228 2638 1629 2745 811ΡΡο1111111118Ξ1Ξ,
1625 2595 1699 2745 {gl
1691 2632 1814 2709 ἶῖἷῖῗιῗοῖ

184 2723 256 2786 (in
278 2723 437 2786 figura
467 2723 625 2786 sexta)
653 2722 868 2786 positum
892 2739 996 2771 esse
1020 2724 1267 2786 objectum
1294 2724 1528 2788 aliquod
1515 2716 1594 2773 1111
1585 2721 1676 2789 ⁰151}
1678 2727 1755 2795 ξω.
1730 2721 1814 2746 ⁹¹¹¹¹¹t
1758 2728 1854 2799 „me

179 2798 286 2863 ipso
305 2805 474 2847 centro
494 2799 569 2856 D;
611 2799 770 2847 ductae
795 2815 911 2863 ergo
935 2799 1206 2848 incidentes
1230 2800 1432 2850 coibunt
1455 2806 1857 2850 (311111ὓθῐιεῑῑῐοεῑΕΡΡΜῙΜ)ι

185 2873 548 2923 semidiametro
574 2875 618 2923 D
636 2875 691 2935 B,
717 2882 767 2923 et
791 2875 1022 2938 quoniam
1046 2876 1190 2924 EDB
1212 2884 1288 2925 est
1311 2878 1439 2927 oculi
1461 2894 1570 2945 per-
