1968 3256
147 402 275 438 SEOT.
296 403 347 437 11.

243 455 331 505 ιι

117 991 266 1021 Contraria
279 992 337 1021 situ

116 1039 233 1075 apparet
241 1035 357 1074 ellipsis.

121 2820 179 2854 Qui
191 2819 303 2849 tabulas

119 2864 302 2903 perspectivas
315 2862 356 2891 in-

399 264 461 306 38
924 276 994 310 DE
1021 277 1261 311 HOMINE.

397 387 450 446 L,
474 387 679 438 alterum
700 404 831 450 ver0,
856 405 1030 454 nempe
1054 390 1096 439 G
1113 391 1152 438 E
1171 389 1476 455 productum,
1500 390 1551 438 in
1571 390 1619 438 H
1638 411 1649 446 3
1675 398 1771 439 est-

396 479 489 527 que
524 464 568 513 D
587 465 627 513 L
660 467 884 514 sectionis
907 466 1010 515 axis
1050 466 1101 515 in
1133 467 1279 531 plano
1314 467 1493 514 tabulae
1517 466 1771 530 diaphanae

395 546 568 588 erectae
608 557 752 605 super
788 543 828 590 B
845 543 916 598 03
952 548 1001 590 et
1040 549 1145 591 tota
1181 543 1389 606 denique
1430 542 1580 590 sectio
1615 549 1687 590 est
1720 543 1771 590 in

393 614 562 663 eadem
585 617 763 664 tabula.
832 618 919 665 Est
942 624 1104 665 autem
1129 619 1278 667 sectio
1303 635 1360 666 ea
1376 616 1657 682 hyperbole,
1680 634 1768 683 per

393 690 724 740 definitionem
741 692 972 741 traditam
1003 694 1055 740 in
1077 694 1233 757 primo
1259 694 1611 742 elementorum
1634 693 1767 741 coni-

392 781 560 814 corum
590 766 850 831 Mydorgii.
922 768 1085 817 Quare
1113 769 1152 816 si
1183 770 1340 832 figura
1364 770 1541 832 objecti
1563 770 1615 816 in
1637 769 1770 817 hori-

392 848 534 889 zonte
556 841 701 904 positi
725 843 788 889 sit
809 843 1054 905 parabola,
1077 859 1165 906 per
1188 851 1401 892 erectam
1426 846 1477 892 in
1507 844 1611 892 basi
1635 845 1774 892 tabu-

391 917 489 965 lam
507 916 797 980 diaphanam
812 918 1063 982 apparebit
1079 919 1358 982 hyperbole.
1387 920 1533 969 Quod
1551 926 1670 976 erat,
1679 927 1771 968 etc.

464 999 538 1041 11.
576 993 720 1042 Quod
757 993 797 1041 si
823 994 1054 1058 parabola
1092 994 1378 1054 invertatur,
1418 1003 1475 1043 ut
1510 1003 1678 1044 vertex
1711 997 1775 1045 sit

391 1069 519 1116 inter
558 1069 751 1116 oculum
786 1076 836 1116 et
857 1069 1012 1126 basin,
1036 1070 1194 1132 sitque
1233 1078 1397 1118 erecta
1433 1072 1599 1119 tabula
1630 1088 1774 1136 super

391 1144 468 1191 vel
483 1144 605 1192 citra
618 1144 864 1203 verticem,
881 1146 974 1192 erit
996 1146 1146 1193 sectio
1169 1146 1301 1194 facta
1318 1147 1370 1194 in
1392 1147 1559 1195 tabula
1580 1148 1774 1212 ellipsis.

458 1220 565 1267 Fiat
587 1220 883 1283 triangulum
900 1221 945 1268 A
961 1221 1000 1268 B
1018 1221 1056 1268 C
1075 1221 1145 1283 (in
1158 1223 1240 1285 fig.
1261 1222 1312 1284 7)
1333 1223 1483 1270 sectio
1501 1223 1771 1287 cujuspiam

394 1295 503 1342 coni
531 1311 619 1358 per
642 1312 797 1355 axem,
823 1297 959 1359 cujus
993 1303 1163 1344 vertex
1181 1297 1241 1356 A,
1266 1297 1395 1346 basis
1435 1299 1475 1346 B
1492 1299 1545 1357 C,
1571 1315 1678 1364 quae
1702 1315 1775 1347 se-

394 1376 530 1417 cetur
553 1386 582 1417 a
603 1371 749 1434 plano
773 1371 936 1435 aliquo
958 1388 1046 1435 per
1067 1379 1251 1420 rectam
1274 1374 1313 1420 E
1332 1374 1369 1420 F
1401 1373 1543 1421 lateri
1562 1375 1607 1422 A
1626 1374 1666 1423 C
1687 1392 1772 1439 pa-

392 1444 622 1492 rallelam.
691 1446 799 1494 Erit
820 1446 970 1509 igitur
1005 1447 1156 1495 sectio
1186 1448 1317 1496 facta
1350 1449 1598 1511 parabola,
1638 1451 1775 1514 cujus

391 1526 557 1567 vertex
593 1526 668 1568 est
690 1520 746 1579 E,
784 1522 886 1569 axis
916 1522 955 1569 E
972 1523 1023 1570 F.
1095 1523 1433 1587 Supponamus
1466 1533 1632 1573 autem
1675 1527 1716 1574 E
1733 1527 1770 1574 F

392 1611 546 1655 axem,
580 1603 637 1644 ut
660 1602 710 1644 et
730 1596 887 1659 ipsam
908 1598 1206 1660 parabolam,
1247 1615 1351 1647 esse
1374 1600 1425 1647 in
1462 1601 1610 1664 plano
1644 1602 1777 1651 hori-

393 1672 548 1719 zontis
566 1693 578 1728 ;
598 1673 701 1735 jam
734 1672 863 1720 inter
886 1674 1082 1721 oculum
1115 1675 1161 1722 A
1197 1682 1246 1722 et
1277 1672 1510 1724 verticem
1533 1678 1777 1740 parabolae

392 1747 469 1795 vel
503 1763 646 1811 super
678 1748 837 1810 ipsum
871 1749 1106 1797 verticem
1137 1750 1352 1813 erigatur
1374 1758 1511 1799 recta
1545 1751 1644 1800 GH
1668 1769 1777 1816 per-

393 1822 732 1885 pendicularis,
769 1824 846 1872 vel
885 1832 1138 1889 utcunque
1170 1826 1317 1874 modo
1351 1834 1483 1875 secet
1517 1834 1777 1893 utrumque

392 1898 624 1962 trianguli
649 1899 794 1958 latus,
818 1907 874 1948 ut
914 1900 965 1947 in
990 1901 1012 1947 I
1038 1907 1087 1948 et
1111 1902 1178 1949 H.
1248 1901 1411 1950 Sectio
1446 1903 1610 1966 itaque
1647 1921 1778 1953 com-

393 1974 551 2021 munis
583 1974 762 2022 tabulae
808 1981 857 2022 et
898 1975 1132 2040 trianguli
1174 1977 1350 2025 transit
1392 1994 1480 2041 per
1517 1986 1778 2045 utrumque

392 2049 541 2112 ipsius
581 2049 814 2113 trianguli
849 2050 994 2098 latus.
1065 2051 1239 2114 Itaque
1279 2052 1371 2100 erit
1402 2054 1491 2100 IH
1521 2053 1631 2118 (per
1665 2057 1772 2104 Ele-

394 2131 669 2173 mentorum
720 2125 968 2190 Mydorgii
1016 2127 1308 2177 Conicorum
1347 2130 1432 2178 lib.
1475 2146 1512 2178 1.
1548 2148 1686 2195 prop.
1719 2133 1771 2196 6)

395 2200 496 2248 axis
541 2200 760 2264 ellipseos
798 2202 1049 2266 descriptae
1098 2204 1150 2251 in
1190 2205 1441 2268 superficie
1479 2208 1605 2267 coni,
1641 2210 1777 2272 cujus

393 2282 562 2324 vertex
580 2283 653 2325 est
685 2277 853 2325 oculus
877 2279 922 2326 A
946 2286 995 2327 et
1019 2279 1147 2328 basis
1182 2280 1222 2328 B
1240 2281 1278 2329 C
1313 2281 1534 2330 circulus.
1605 2284 1777 2346 Itaque

395 2352 534 2399 oculo
556 2353 714 2416 posito
732 2354 784 2401 in
806 2354 866 2412 A,
889 2356 1120 2417 parabola
1144 2356 1185 2402 E
1203 2357 1240 2403 F
1262 2357 1314 2404 in
1337 2357 1504 2405 tabula
1522 2357 1621 2406 GH
1646 2359 1778 2408 vide-

391 2428 524 2476 bitur
538 2428 731 2498 ellipsis.
792 2429 947 2478 Simili
964 2432 1153 2481 ratione
1172 2432 1361 2481 ostendi
1378 2440 1555 2496 potest,
1577 2434 1768 2498 ellipses
1843 2492 1848 2497 s
1885 2454 1888 2457 ⁴
1954 2407 1968 2470 ἒ

393 2510 693 2567 transpectas
729 2521 962 2570 apparere
997 2507 1186 2571 ellipses
1211 2508 1425 2576 quidem,
1450 2507 1538 2557 sed
1574 2509 1774 2558 diversae

395 2580 586 2643 speciei,
605 2587 656 2628 et
675 2597 783 2644 quae
807 2581 992 2631 habent
1014 2582 1159 2631 aliam
1192 2583 1431 2632 rationem
1453 2584 1649 2647 majoris
1674 2585 1776 2634 axis

395 2655 458 2702 ad
496 2655 733 2704 minorem
753 2678 765 2713 ;
802 2664 852 2706 et
884 2659 1174 2723 hyperbolas
1204 2665 1503 2723 transpectas
1539 2676 1773 2723 apparere

397 2730 513 2778 alias
531 2732 689 2795 specie
707 2732 1014 2797 hyperbolas.

462 2805 625 2869 Atque
638 2808 745 2856 haec
763 2810 1001 2857 sufficient
1016 2810 1192 2858 dixisse
1211 2809 1270 2858 de
1285 2811 1589 2874 perspectiva
1604 2832 1615 2866 ;
1653 2828 1775 2875 quo-

397 2881 527 2930 niam
548 2882 738 2931 institui
752 2886 1053 2947 geometrica
1075 2902 1132 2935 eo
1146 2902 1297 2950 usque
1321 2892 1513 2935 tantum
1530 2889 1770 2955 persequi,
