2020 3262
290 267 362 301 ΒΕ
389 268 530 302 LEGE
556 268 793 302 NATURAE
821 266 985 301 CIRCA
1011 267 1388 302 CONTRACTUS.
1464 255 1554 308 177

163 385 344 444 &pactus
365 389 483 429 ante
505 380 667 440 fuerit,
692 386 742 428 et
763 386 936 444 postea
969 378 1112 426 alteri
1147 378 1410 441 paciscitur
1443 395 1557 427 eon·
1594 401 1724 434 SEeT,
1745 401 1817 435 111.

169 455 393 515 trarium,
416 456 536 505 facit
567 465 623 504 ut
650 461 860 521 pactum
889 470 990 502 non
1019 453 1170 517 prius,
1195 453 1282 501 sed
1316 455 1555 516 posterius
1608 498 1614 506 ,
1694 453 1724 484 2·
1792 497 1799 507 ,

170 531 398 580 illicitum
421 532 501 580 sit.
571 532 700 580 Nam
723 531 807 594 qui
827 529 1070 594 prioribus
1100 529 1280 594 pactis
1301 530 1392 592 jas
1413 546 1555 578 suum
1572 546 1695 575 Pactum
1707 549 1800 584 poste-

1572 590 1633 618 rius
1650 590 1739 627 priori
1753 598 1819 618 con-

56 604 63 614 '
135 605 140 608 ’
170 607 225 656 in
247 607 457 656 alterum
493 607 826 666 transtulerat,
848 604 1062 653 faciendi
1098 605 1175 652 vel
1209 621 1309 652 non
1345 605 1556 654 faciendi
1572 633 1781 666 mmmmm,

157 682 253 746 jas
275 699 376 731 non
393 683 600 747 amplius
617 683 781 731 habet.
833 681 999 731 Quare
1013 680 1364 744 posterioribus
1377 682 1556 746 pactis
1572 676 1733 705 invffidum
1753 678 1805 704 ‘³⁸⁸

165 758 248 821 jus
270 758 460 807 nullum
491 758 755 815 transfert;
793 766 843 806 et
867 757 998 821 quod
1019 756 1312 821 promissum
1336 765 1425 816 est,
1453 757 1556 805 sine

58 890 64 896 y
162 833 280 897 jure
301 835 594 899 promissum
618 842 705 883 est.
774 835 990 883 Tenetur
1012 833 1164 897 igitur
1179 833 1425 903 prioribus
1449 842 1558 881 tan-

53 923 57 930 ³
97 957 103 962 .
173 918 280 959 tum
295 911 474 975 pactis
481 929 500 966 ;
536 927 646 974 quae
670 910 852 958 violare
877 917 952 958 est
974 909 1214 957 illicitum.

245 991 319 1036 18.
356 986 587 1046 Mortem,
633 987 711 1035 vel
756 987 975 1045 vulnera,
1021 986 1099 1033 vel
1144 985 1277 1033 aliud
1323 985 1554 1034 damnum
1573 989 1694 1019 Pwtum
1713 990 1822 1018 domn

168 1063 389 1127 corporis
426 1063 657 1111 inferenti
679 1079 823 1111 nemo
858 1063 1016 1127 pactis
1054 1061 1154 1110 suis
1188 1061 1557 1126 quibuscunque
1573 1033 1822 1105 ἷῖῗῖἓωῐᾶἶᾌῃωαῖἶ

167 1138 418 1203 obligatur
446 1155 547 1188 non
583 1139 822 1188 resistere.
892 1139 982 1186 Est
1019 1138 1146 1186 enim
1188 1138 1239 1185 in
1261 1154 1558 1203 unoquoque
1575 1129 1711 1192 Ξῗιᾟῗζῗ
1723 1119 1822 1149 Μὼ

169 1214 354 1279 gradus
367 1237 372 1241 ’
386 1214 585 1278 quidam
608 1215 884 1263 timiditatis
919 1230 1151 1273 summus,
1176 1230 1264 1278 per
1287 1231 1432 1278 quem
1456 1231 1559 1263 ma-

170 1290 274 1339 lum
296 1291 431 1357 quod
452 1291 661 1340 infertur
695 1291 1018 1356 apprehendit
1041 1282 1098 1338 ut
1121 1291 1401 1350 maximum,
1425 1291 1558 1339 ideo—

170 1383 267 1431 que
317 1367 606 1416 necessitate
652 1368 864 1416 naturali
915 1374 1155 1431 quantum
1205 1374 1366 1430 potest
1415 1367 1558 1431 fugit,

167 1441 557 1508 intelligiturque
581 1444 721 1492 aliter
742 1444 905 1492 facere
940 1460 1040 1492 non
1073 1459 1230 1507 posse.
1300 1444 1380 1491 Ad
1412 1445 1560 1492 talem

167 1518 380 1582 gradum
402 1526 559 1568 metus
594 1535 709 1568 cum
739 1527 1029 1583 perventum
1059 1518 1222 1577 fuerit,
1255 1535 1355 1567 non
1378 1527 1453 1567 est
1477 1536 1560 1567 ex-

121 1649 130 1658 ·
170 1594 470 1658 pectandum
493 1596 611 1659 quin
634 1595 712 1643 vel
747 1595 866 1659 fuga
903 1595 979 1642 vel
1011 1611 1179 1658 pugna
1206 1595 1298 1643 sibi
1320 1596 1572 1644 consulat.'

171 1670 297 1718 Cum
322 1670 472 1735 igitur
495 1687 639 1719 nemo
662 1678 889 1719 teneatur
923 1671 986 1718 ad
1020 1670 1333 1733 impossibile,
1357 1671 1429 1719 illi
1453 1673 1559 1736 qui-

170 1746 264 1794 bus
288 1763 435 1806 mors,
450 1739 594 1811 ⁴quod
629 1747 894 1794 maximum
931 1753 1120 1794 naturae
1151 1746 1334 1794 malum
1370 1755 1459 1807 est,
1483 1749 1561 1796 vel

171 1822 351 1887 quibus
373 1822 577 1871 vulnera
599 1832 684 1871 aut
707 1823 803 1871 alia
825 1822 1042 1886 corporis
1066 1822 1245 1870 damna
1267 1822 1560 1883 infemmtur,

173 1898 367 1967 neck-,ad
402 1914 461 1946 ea
491 1898 693 1946 ferenda
724 1907 1005 1947 constantes
1046 1898 1163 1946 satis
1199 1906 1329 1957 sunt,
1353 1915 1411 1947 ea
1432 1899 1561 1948 ferre

171 1990 275 2022 non
311 1974 606 2038 obligantur.
693 1975 937 2023 Praeterea
972 1975 1016 2022 ei
1050 1974 1133 2038 qui
1166 1982 1312 2038 paeto
1349 1983 1559 2035 tenetur,

172 2049 423 2098 creditur:
458 2058 715 2114 pactorum
747 2051 877 2098 enim
906 2050 1155 2098 vinculum
1187 2051 1290 2099 sola
1311 2051 1432 2099 fides
1470 2059 1558 2100 est.

175 2127 277 2181 Qui
293 2142 409 2176 vero
424 2126 489 2174 ad
506 2127 797 2190 supplicium
820 2127 1082 2186 ducuntur,
1102 2127 1202 2174 sive
1220 2126 1441 2190 capitale,
1459 2127 1560 2175 sive

173 2203 373 2267 capitali
409 2202 590 2261 mitius,
617 2203 1020 2266 constringuntur
1056 2202 1278 2262 vinculis,
1301 2203 1380 2251 vel
1417 2204 1561 2251 satel-

173 2279 341 2328 litibus
386 2279 767 2328 custodiuntur:
827 2278 958 2342 quod
997 2279 1190 2342 signum
1234 2279 1561 2328 certissimum

159 2364 272 2412 ⁴est,
295 2372 398 2404 non
416 2354 572 2403 videri
594 2355 703 2403 illos
727 2355 883 2418 pactis
897 2354 961 2403 ad
977 2371 1077 2402 non
1095 2354 1420 2402 resistendum
1445 2356 1560 2403 satis

75 2494 78 2495 ⁷
172 2431 418 2496 obligatos
467 2447 586 2479 esse.
656 2430 806 2479 Aliud
845 2439 934 2489 est,
981 2431 1024 2478 si
1064 2430 1133 2478 sic
1171 2430 1419 2494 paciscor:
1468 2431 1561 2479 nisi

77 2499 79 2501 ¹
141 2517 144 2519 ’
171 2508 339 2558 fecero
374 2507 646 2556 constituta
680 2507 773 2565 die,
798 2507 1036 2555 interfice.
1106 2505 1256 2554 Aliud
1292 2506 1332 2553 si
1356 2507 1442 2564 sie,
1465 2507 1561 2555 nisi

174 2583 362 2645 feceroe
390 2583 706 2632 interficienti
745 2599 845 2632 non
885 2583 1123 2630 resistam.
1194 2582 1354 2630 Primo
1395 2582 1558 2642 modo,

173 2660 490 2724 paciscuntur
524 2675 709 2718 omnes,
747 2659 788 2708 si
811 2675 931 2723 opus
969 2666 1071 2715 est;
1125 2673 1245 2721 opus
1286 2666 1451 2706 autem
1487 2666 1561 2707 est

173 2735 469 2801 aliqnandm
506 2735 719 2784 seeundo
741 2735 887 2783 modo
906 2751 1066 2793 nemo,
1084 2749 1175 2781 nec
1198 2749 1416 2797 unquam
1438 2751 1559 2798 opus

176 2819 270 2862 est.
306 2812 436 2860 Nam
458 2811 510 2860 in
534 2819 667 2860 statu
689 2827 820 2860 mere
844 2810 1069 2869 naturali,
1095 2810 1135 2857 si
1159 2809 1381 2858 occidere
1405 2811 1558 2876 cupis,

307 2902 427 2937 von.
450 2902 510 2936 11.
1390 2901 1428 2936 N
