2020 3262
0 3192 24 3262 532⁷&
0 3127 14 3175 *sm
3 3085 20 3114 ,μῆ
3 3030 14 3055 .,·
10 3007 13 3014 2
18 2979 21 2986 V
7 2942 10 2947 η
0 2891 3 2905 ⁴*
0 2874 6 2879 ¹

373 287 444 322 DE
473 286 662 321 REGNo
690 286 784 320 Dm
812 285 918 318 PER
945 284 1171 319 PACTUM
1198 286 1394 319 VETUs.
1489 277 1583 320 355

185 399 363 464 quibus
399 399 709 448 Abrahamus
750 397 1027 456 tenebatur,
1059 403 1240 460 praeter
1271 397 1404 460 leges
1440 405 1584 446 natu-
1622 421 1751 454 ςΕρΤ,
1769 421 1839 453 111,

185 477 329 535 rales,
354 483 404 524 et
432 475 621 523 cultum
644 473 948 532 rationalem,
970 480 1021 520 et
1046 472 1482 521 circumcisionem.
1711 473 1760 503 ¹⁶·

254 557 302 600 6.
337 553 458 600 Erat
495 559 663 599 autem
704 550 870 616 legum
911 549 1130 597 omnium
1171 548 1444 613 interpres,
1482 557 1584 597 tam
1601 566 1798 616 Ain-ahmans,

187 643 439 676 sacrarum
463 643 612 691 quam
636 626 943 685 secularium,
965 624 1097 688 apud
1120 640 1234 672 suos
1258 624 1583 684 Abrahamus,
1601 610 1851 690 ἶρζῖῗζῃῗὲῃῗζω,

186 719 289 751 non
329 703 477 751 modo
518 702 822 762 naturaliter,
855 709 1097 766 quatenus
1137 700 1326 765 legibus
1363 707 1586 748 uteretur
1603 696 1764 777 ζξζζᾱθξζξῗ
1777 697 1862 725 ³³2⁹*

186 779 494 827 naturalibus
508 786 718 838 tantum,
738 778 823 827 sed
848 778 997 827 etiam
1012 794 1072 826 ex
1091 777 1198 841 ipsa
1209 777 1343 840 pacti
1360 776 1587 833 formula,

187 871 286 918 qua
306 854 614 919 promittitur
651 855 714 903 ab
739 854 1018 902 Abrahamo
1043 853 1336 912 obedientia,
1362 869 1463 901 non
1498 868 1587 916 pro

187 945 241 978 se
263 937 475 988 tantum,
493 931 582 979 sed
603 931 754 979 etiam
776 947 866 994 pro
889 930 1074 979 semine
1092 946 1196 978 suo.
1235 929 1384 978 Quod
1406 929 1589 977 frustra

186 1007 375 1066 fuisset,
414 1007 508 1055 nisi
548 1007 638 1055 filii
678 1008 782 1071 ejus
806 1007 934 1054 illius
959 1005 1203 1053 mandatis
1228 1004 1427 1053 obedire
1450 1012 1587 1053 tene-

191 1091 384 1131 rentur.
430 1082 596 1146 Atque
614 1083 749 1147 quod
767 1083 887 1131 dicit
902 1083 1034 1130 Deus
1057 1082 1198 1143 (Gen.
1214 1081 1348 1129 xviii.
1380 1087 1454 1140 18,
1479 1082 1586 1143 19):

186 1159 559 1207 Benedicendoe
598 1165 713 1206 sunt
752 1159 802 1207 in
840 1158 930 1206 illo
954 1174 1118 1205 omnes
1141 1157 1371 1205 nationes
1395 1164 1549 1206 terroe
1569 1175 1587 1205 .·

187 1234 294 1282 scio
310 1234 439 1282 enim
454 1234 965 1299 quodpraecepturus
983 1233 1200 1297 sitflliis
1223 1233 1328 1281 suis
1349 1240 1400 1282 et
1424 1233 1589 1282 domui

186 1326 292 1358 suoe
301 1316 427 1375 post
448 1326 519 1369 se,
539 1317 595 1358 ut
613 1311 901 1358 custodiant
922 1310 1053 1358 viam
1071 1309 1290 1369 Domini,
1315 1316 1366 1358 et
1370 1309 1595 1374 faciant·

174 1385 427 1448 Judicium
469 1392 520 1434 et
544 1386 807 1449 justitiam
816 1405 835 1441 ;
872 1385 1118 1450 quomodo
1159 1386 1370 1450 intelligi
1407 1393 1587 1449 potest,

185 1461 281 1510 nisi
302 1461 392 1509 filii
429 1469 480 1510 et
505 1461 680 1510 domus
705 1463 811 1526 ejus
835 1462 994 1510 teneri
1017 1461 1082 1508 ad
1105 1461 1434 1509 obedientiam
1458 1461 1588 1509 illius

184 1537 434 1587 mandatis
450 1537 781 1601 praestandam
805 1545 1202 1601 supponerentur
1218 1538 1234 1585 ?

195 1649 197 1651 ·
254 1618 301 1669 7.
340 1614 575 1677 Sequitur
605 1614 723 1662 hinc
755 1614 975 1662 subditos
1002 1613 1269 1661 Abrahami
1303 1614 1396 1677 ipsi
1420 1613 1588 1661 obedi·
1604 1621 1723 1694 {ubfififi
1737 1621 1829 1650 Abra-

186 1689 316 1738 endo
339 1706 545 1754 peccare
573 1706 676 1738 non
698 1691 946 1754 potuisse;
982 1690 1131 1738 modo
1154 1691 1463 1738 Abrahamus
1486 1706 1587 1738 non
1604 1675 1673 1759 3121?
1675 1674 1842 1759 {ffissffin

182 1764 477 1830 imperasset
500 1765 604 1813 Dei
628 1766 976 1814 eoesistentiam
1005 1766 1085 1814 vel
1098 1766 1480 1831 providentiam
1502 1782 1587 1814 ne·
1604 1753 1660 1791 '¹³⁵³
1681 1752 1850 1781 ⁰bed¹⁸¹¹d⁰'

183 1857 319 1906 gare,
343 1841 423 1889 vel
457 1841 621 1889 facere
644 1841 831 1905 aliquid
855 1841 988 1905 quod
1011 1850 1140 1890 esset
1162 1859 1388 1906 expresse
1412 1850 1587 1891 contra

184 1917 426 1966 honorem
466 1917 575 1966 Dei.
645 1918 704 1965 In
739 1919 931 1966 caeteris
966 1919 1112 1966 rebus
1136 1920 1362 1967 omnibus
1386 1919 1586 1967 verbum

185 1993 289 2042 Dei
323 2010 384 2042 ex
415 1993 547 2042 illius
581 1994 730 2042 solius
766 2011 851 2043 ore
884 1995 1153 2059 petendum
1188 2003 1309 2055 erat,
1334 2004 1391 2043 ut
1420 1995 1586 2060 legum

185 2070 406 2118 omnium
430 2077 481 2118 et
504 2069 764 2118 verborum
787 2071 892 2119 Dei
916 2071 1231 2136 interpretis.
1301 2072 1435 2120 Deus
1455 2071 1587 2119 enim

185 2145 458 2194 Abrahami
494 2145 602 2209 quis
648 2146 799 2195 fuerit
844 2154 894 2195 et
939 2148 1186 2211 quomodo
1233 2147 1482 2206 colendus,
1523 2148 1585 2196 ab

185 2223 469 2271 Abrahamo
511 2223 616 2271 solo
659 2223 825 2272 doceri
863 2231 1108 2288 poterant.
1181 2225 1280 2274 Qui
1321 2240 1439 2272 vero
1472 2230 1587 2288 post

185 2299 457 2348 Abrahami
479 2307 691 2347 mortem
717 2300 902 2348 subditi
925 2309 1067 2349 erant
1090 2301 1296 2365 imperio
1323 2301 1477 2350 Isaaci
1501 2307 1587 2348 aut

182 2375 374 2435 Jacobi,
399 2375 504 2424 sine
527 2383 731 2439 peccato
754 2393 844 2440 per
868 2377 1074 2426 eandem
1105 2379 1347 2426 rationem
1381 2377 1499 2441 ipsis
1534 2377 1587 2424 in

184 2452 411 2500 omnibus
451 2467 675 2515 paruere,
717 2453 952 2515 quamdiu
991 2470 1080 2517 pro
1118 2454 1224 2502 Deo
1260 2461 1310 2501 et
1345 2469 1461 2517 rege
1497 2469 1585 2501 suo

184 2535 509 2592 agnoscerent
524 2535 574 2576 et
587 2529 938 2591 profiterentur
946 2529 1409 2578 DeumAbralzami.
1447 2530 1586 2578 Prius

185 2603 318 2652 enim
335 2603 448 2652 Deo
463 2604 751 2668 simpliciter
770 2621 820 2653 se
837 2606 1178 2665 submiserant,
1199 2624 1345 2670 quarn
1364 2607 1586 2655 Abraha-

184 2695 289 2731 mo:
313 2680 449 2744 prius
467 2688 633 2729 autem
647 2682 946 2742 Abrahamo,
957 2699 1103 2746 quam
1112 2683 1222 2731 Deo
1231 2683 1278 2731 A
1284 2683 1527 2742 brakami,
1537 2690 1586 2731 et

185 2770 355 2804 rursus
378 2756 514 2821 prius
539 2756 650 2805 Deo
670 2757 969 2818 Abrahami,
987 2775 1133 2822 quam
1152 2760 1337 2807 Isaaco.
1389 2760 1446 2807 In
1472 2761 1586 2808 sub-

187 2830 303 2898 ditis
332 2832 499 2897 itaque
531 2834 818 2893 Abrahami,
856 2835 1058 2883 unicum
1092 2843 1198 2884 erat
1231 2836 1418 2884 crimen
1454 2835 1586 2885 Zoesoe

187 2908 471 2970 majestatis
495 2909 688 2969 divinae,
726 2927 907 2974 negare
943 2911 1132 2968 Deum;
1171 2912 1257 2961 sed
1291 2912 1342 2959 in
1376 2913 1585 2976 posteris

1290 3001 1417 3036 AA2
