2020 3262
238 407 365 442 SECT.
386 408 457 440 111.

332 459 362 489 8.

215 551 360 580 Dominus
374 561 430 579 ser-

214 604 285 622 vum
297 597 391 631 potest
403 605 468 623 ven-

216 639 293 671 dere,
313 637 358 666 vel
381 641 463 666 testa-

216 683 313 709 mento
327 680 460 709 alienare.

217 858 361 886 Dominus
373 858 405 886 in

217 910 331 929 servum
342 901 467 938 injurius

216 954 278 973 esse
300 954 359 972 non
378 947 481 981 potest.

238 1379 382 1407 Dominus
394 1378 441 1406 do-

237 1422 318 1456 mini,
329 1425 372 1449 est
385 1421 472 1449 domi-

238 1474 296 1493 nus
311 1474 467 1492 servorum.

219 2279 333 2311 Quibus
344 2279 437 2307 modis

218 2323 291 2350 servi
311 2322 480 2350 liberantur.

497 265 595 308 252
1027 274 1334 309 IMPERIUM.

563 390 618 432 6.
649 385 892 435 Quoniam
906 401 1021 449 ergo
1040 392 1090 433 et
1111 400 1283 433 servus
1300 384 1403 447 ipse
1433 389 1483 430 et
1506 398 1564 430 ea
1587 398 1695 445 quae
1711 383 1876 443 habet,

497 460 659 508 omnia
683 460 863 508 domini
898 467 1023 518 sunt,
1049 460 1304 523 disponere
1328 465 1492 506 autem
1516 457 1576 505 de
1612 473 1699 505 suo
1729 474 1882 506 unus-

497 535 698 598 quisque
727 537 836 599 jure
859 535 1069 583 naturali
1089 542 1252 598 potest
1274 551 1331 582 eo
1365 533 1511 580 modo
1535 549 1631 596 quo
1654 533 1877 593 voluerit,

496 612 680 674 poterit
696 611 914 659 dominus
931 611 1198 658 dominium
1214 626 1355 657 suum
1378 608 1429 655 in
1446 623 1636 656 servum
1650 607 1876 667 vendere,

497 686 830 749 oppignerare,
867 685 944 733 vel
983 692 1274 732 testamento
1305 683 1586 742 transferre,
1619 699 1709 746 pro
1747 683 1877 731 arbi-

495 761 590 808 trio
616 777 721 809 suo.

563 838 611 891 7.
645 837 898 894 Praeterea,
923 835 974 883 id
998 835 1129 898 quod
1147 842 1262 882 ante
1287 834 1347 881 de
1371 833 1578 881 subditis
1595 832 1647 880 in
1671 831 1878 880 civitate

497 910 775 959 institutiva
791 911 1175 958 demonstratum
1190 916 1279 968 est,
1298 909 1544 967 nimirum,
1565 907 1696 971 quod
1717 907 1774 967 is,
1792 908 1877 971 qui

496 1001 737 1033 summum
761 986 970 1034 civitatis
993 985 1249 1048 imperium
1272 985 1434 1042 habet,
1459 984 1642 1032 nullam
1664 983 1726 1031 iis
1749 983 1876 1046 inju-

495 1060 624 1108 riam
656 1061 815 1108 facere
850 1068 1027 1124 potest,
1062 1078 1230 1109 verum
1266 1076 1459 1124 quoque
1497 1059 1556 1107 de
1590 1059 1750 1106 servis
1784 1066 1876 1117 est,

494 1142 753 1198 propterea
789 1136 922 1198 quod
942 1136 1243 1184 voluntatem
1267 1151 1403 1182 suam
1427 1134 1612 1182 domini
1633 1133 1877 1181 voluntati

496 1211 758 1273 subjecere.
802 1211 965 1264 Quare
990 1211 1221 1274 quicquid
1243 1210 1334 1257 iste
1358 1209 1545 1267 fecerit,
1572 1209 1690 1272 ipsis
1711 1208 1877 1256 volen-

494 1285 623 1332 tibus
646 1286 703 1332 fit
723 1304 733 1332 :
769 1286 953 1333 volenti
976 1293 1139 1333 autem
1162 1285 1339 1348 injuria
1360 1284 1466 1331 fieri
1495 1300 1596 1332 non
1617 1291 1795 1347 potest.

562 1365 608 1407 8.
646 1360 697 1407 Si
719 1376 834 1408 vero
870 1361 1074 1420 aecidat,
1098 1369 1155 1408 ut
1193 1361 1412 1408 dominus
1452 1360 1552 1408 sive
1592 1359 1876 1423 captivitate

496 1434 597 1481 sive
633 1436 931 1498 subjectione
959 1436 1234 1484 voluntaria
1255 1451 1424 1483 Servus
1449 1435 1525 1483 vel
1548 1434 1777 1483 subditus
1805 1434 1876 1482 al-

496 1510 648 1557 terius
689 1511 791 1568 fiat,
831 1510 911 1557 ille
946 1510 1069 1558 alter
1100 1527 1200 1558 non
1233 1510 1378 1563 modo
1412 1510 1577 1574 ipsius,
1619 1510 1706 1558 sed
1727 1509 1886 1558 etiam>

496 1601 747 1632 servorum
766 1586 868 1647 ejus
894 1585 1113 1633 dominus
1137 1585 1259 1640 erit;
1293 1585 1465 1632 horum
1496 1585 1693 1647 quidem
1718 1585 1872 1633 domi-

497 1677 586 1708 nus
601 1676 871 1725 suprema&
880 1660 1006 1708 illius
1022 1660 1347 1708 immediatus.
1384 1660 1627 1708 Quoniam
1641 1660 1770 1708 enim
1782 1676 1882 1708 non

497 1736 642 1783 modo
667 1752 853 1794 servm,
879 1736 962 1783 sed
989 1736 1137 1783 etiam
1157 1751 1215 1782 ea
1239 1751 1349 1797 quae
1371 1735 1520 1783 habet
1544 1734 1726 1783 domini
1749 1741 1884 1794 sunt,

497 1811 607 1859 ideo
632 1818 682 1858 et
704 1811 836 1859 servi
859 1811 987 1858 illius
1010 1811 1154 1874 hujus
1189 1818 1331 1866 sunt;
1366 1826 1524 1873 neque
1546 1816 1709 1873 potest
1733 1810 1882 1858 domi-

497 1903 588 1934 nus
624 1886 813 1934 medius
839 1886 899 1934 de
934 1886 992 1934 iis
1027 1886 1169 1933 aliter
1206 1885 1476 1948 disponere,
1502 1901 1650 1948 quam
1690 1884 1880 1932 domino

497 1977 724 2026 supremo
737 1961 894 2008 visum
916 1961 1078 2008 fuerit.
1146 1961 1209 2008 Et
1231 1967 1491 2023 propterea
1512 1960 1564 2007 in
1588 1960 1880 2019 civitatibus,

498 2037 539 2084 si
563 2036 756 2099 quando
783 2036 991 2084 dominis
1025 2036 1077 2083 in
1108 2051 1277 2083 servos
1314 2035 1535 2098 potentia
1562 2035 1782 2083 absoluta
1802 2035 1880 2083 fu-

497 2112 605 2170 erit,
631 2128 689 2159 ea
723 2128 753 2158 a
783 2112 892 2174 jure
931 2119 1121 2158 naturae
1157 2119 1265 2158 orta
1299 2126 1402 2158 esse
1439 2117 1676 2169 censetur,
1701 2117 1751 2158 et
1772 2110 1880 2173 lege

497 2187 627 2235 civili
651 2203 751 2234 non
776 2187 1055 2245 constituta,
1082 2187 1167 2234 sed
1190 2186 1451 2249 praeterita.

563 2269 610 2310 9.
646 2262 828 2310 Servus
852 2262 1024 2310 iisdem
1048 2262 1205 2310 modis
1235 2261 1474 2308 servitute
1499 2260 1748 2316 liberatur,
1773 2260 1880 2322 qui-

495 2340 585 2386 bus
608 2338 836 2386 subditus
870 2339 921 2386 in
957 2338 1162 2386 civitate
1193 2337 1472 2385 institutiva
1495 2335 1729 2382 liberatur
1766 2335 1879 2382 sub-

490 2415 722 2479 jectione.
758 2414 933 2473 Primo,
945 2414 985 2461 si
1001 2413 1222 2460 dominus
1237 2428 1346 2459 eum
1361 2412 1587 2458 libertate
1604 2410 1876 2457 donaverit.

497 2491 624 2538 Nam
650 2490 781 2552 quod
799 2491 877 2552 jus
899 2489 950 2536 in
975 2505 1025 2536 se
1048 2504 1219 2536 servu-s·
1257 2487 1447 2535 domino
1469 2485 1732 2543 transtulit,
1748 2485 1879 2532 idem

495 2573 661 2630 potest
684 2565 904 2612 dominus
926 2580 1068 2611 Servo
1085 2579 1251 2611 rursus
1270 2562 1486 2610 reddere.
1550 2560 1712 2623 Atque
1734 2559 1879 2607 liber-

496 2643 610 2691 tatis
658 2641 855 2689 donatio
898 2640 1008 2688 talis
1050 2651 1407 2687 MANUMrssro
1455 2635 1647 2682 dicitur.
1733 2634 1880 2683 Quod

497 2717 652 2765 simile
690 2723 779 2774 est,
803 2732 860 2763 ac
900 2715 941 2762 si
982 2714 1151 2762 civitas
1190 2713 1284 2761 civi
1327 2710 1602 2774 permiserit
1642 2709 1693 2756 in
1734 2709 1879 2757 aliam

497 2792 744 2839 civitatem
769 2807 819 2839 se
844 2789 1120 2838 transferre.
1190 2786 1428 2844 Secund0‚
1453 2785 1495 2832 si
1519 2785 1737 2832 dominus
1773 2801 1881 2832 ser-

496 2884 602 2914 vum
624 2883 653 2914 a
677 2883 727 2915 se
752 2866 964 2929 abigat;
999 2864 1048 2912 id
1070 2863 1201 2927 quod
1223 2864 1273 2911 in
1298 2861 1495 2910 civitate
1519 2860 1748 2908 exsilium
1771 2866 1845 2908 est
1866 2879 1877 2906 :
