2020 3262
464 247 559 289 316
1002 260 1306 297 IMPERIUM.

195 386 325 421 sncrr.
346 388 414 422 111,
460 384 597 417 suam
620 368 897 420 hominibus
921 378 1090 421 notam
1103 373 1236 434 facit,
1258 374 1436 438 duplex
1454 381 1562 423 est:
1597 374 1849 425 naturalis

180 480 184 484 .
210 485 217 494 ,
294 440 343 471 ¹4·
460 445 561 494 sive
586 446 806 505 moralis,
833 455 882 496 et
896 449 1139 512 positiva.
1209 449 1485 497 Naturalis
1509 467 1568 498 ea
1591 458 1678 510 est,
1704 467 1849 514 quam

174 533 440 585 raesetposjtivaffl
458 520 589 568 Deus
636 522 860 570 omnibus
907 524 1184 571 hominibus
1231 524 1463 587 patefecit
1507 541 1596 588 per
1648 526 1845 575 verbum

173 577 439 657 ἶζεῖζᾟζὲᾞξῖυᾞ
457 612 599 644 suum
639 603 871 645 oeternum
909 598 1026 663 ipsis
1059 600 1298 657 innatum,
1329 600 1560 648 nimirum
1599 601 1843 650 rationem

171 662 367 743 ggffiffi'ffe‘
455 671 749 721 naturalem.
819 674 983 737 Atque
1006 675 1111 722 haec
1138 683 1211 723 est
1242 675 1415 734 calex,
1452 692 1597 739 quam
1620 682 1726 725 toto
1753 677 1847 726 hoc

453 747 615 796 libello
639 749 879 812 explicare
904 757 1107 797 conatus
1131 767 1252 798 sum.
1330 751 1562 799 Positiva
1588 759 1677 809 est,
1703 768 1848 815 quam

453 823 585 871 Deus
611 825 753 872 nobis
776 825 1011 888 patefecit
1033 842 1121 889 per
1144 826 1339 874 verbum
1355 827 1725 891 propheticum,
1751 844 1846 891 quo

453 899 646 947 locutus
672 907 745 948 est
769 901 832 947 ad
849 901 1068 948 homines
1084 909 1321 965 tanquam
1334 902 1511 958 homo;
1549 903 1714 965 quales
1733 910 1848 952 sunt

451 975 598 1039 leges,
625 992 744 1039 quas
781 977 984 1025 tradidit
1017 978 1199 1026 Judaeis
1239 978 1369 1025 circa
1403 978 1624 1040 politiam
1657 984 1707 1026 et
1741 978 1844 1026 cul-

451 1058 557 1098 tum
598 1051 843 1106 divinum;
878 1059 1177 1115 possuntque
1214 1052 1447 1115 appellari
1484 1052 1625 1117 leges
1666 1052 1845 1100 divinoe

452 1125 639 1185 civiles,
677 1127 791 1190 quia
815 1128 1001 1175 civitati
1025 1128 1371 1185 Israelitarum,
1397 1128 1565 1191 populi
1600 1128 1674 1176 sui
1695 1144 1844 1192 pecu-

450 1201 598 1261 liaris,
630 1202 898 1265 peculiares
932 1211 1086 1251 erant.
1157 1205 1358 1263 Rursus,
1395 1203 1650 1251 naturalis
1687 1203 1840 1252 dividi

449 1284 611 1339 potest
650 1278 702 1324 in
737 1279 1008 1326 naturalem
1044 1279 1300 1338 hominum,
1342 1295 1452 1342 quae
1493 1279 1596 1327 sola
1632 1279 1844 1328 obtinuit

450 1352 546 1398 dici
570 1351 652 1399 lex
684 1358 891 1410 παίωνα),
917 1361 966 1401 θῖ
999 1355 1272 1402 naturalem
1309 1355 1579 1414 civitatum,
1606 1371 1712 1418 quae
1744 1354 1842 1403 dici

447 1433 610 1490 potest
633 1427 715 1474 lex
751 1429 991 1491 gentium,
1014 1430 1161 1493 vulgo
1186 1437 1350 1477 autem
1378 1431 1468 1492 jus
1497 1430 1723 1495 gentium
1755 1447 1842 1494 ap-

444 1503 670 1566 pellatur.
707 1503 957 1567 Praecepta
969 1505 1224 1568 utriusque
1246 1505 1416 1553 eadem
1439 1513 1579 1554 sunt:
1616 1506 1703 1554 sed
1728 1507 1842 1570 quia

447 1578 672 1626 civitates·
703 1579 852 1626 semel
882 1580 1121 1628 institutae
1158 1580 1370 1629 induunt
1406 1581 1728 1644 proprietates
1749 1583 1837 1631 ho-

447 1653 633 1701 minum
648 1655 940 1717 personales,
961 1654 1059 1715 lex,
1080 1672 1226 1719 quam
1243 1656 1495 1719 loquentes
1511 1656 1572 1704 de
1585 1657 1838 1706 hominum

447 1729 748 1793 singulorum
793 1730 952 1778 officio
1000 1730 1280 1779 naturalem
1327 1731 1551 1790 dicimus,
1597 1732 1841 1796 applicata

446 1805 562 1852 totis
587 1805 880 1862 civitatibus,
914 1807 1210 1866 nationibus,
1238 1807 1338 1855 sive
1362 1807 1605 1870 gentibus,
1630 1816 1835 1857 vocatur

434 1880 524 1942 jus
545 1881 785 1945 gentium.
855 1882 918 1929 Et
942 1898 1051 1944 quae
1071 1881 1203 1946 legis
1228 1891 1278 1930 et
1289 1883 1430 1946 juris
1465 1883 1718 1931 naturalis
1741 1884 1837 1933 ele-

444 1963 610 2004 menta
632 1957 868 2006 hactenus
892 1957 1076 2006 tradita
1099 1965 1226 2018 sunt,
1259 1958 1495 2006 translata
1517 1958 1581 2006 ad
1603 1958 1836 2008 civitates

444 2038 493 2079 et
529 2039 709 2096 gentes
745 2033 977 2097 integras,
1017 2050 1107 2097 pro
1150 2034 1314 2099 legum
1355 2039 1405 2081 et
1431 2033 1573 2097 juris
1604 2035 1835 2098 gentium

445 2108 695 2157 elementis
715 2110 840 2158 sumi
857 2117 1076 2173 possunt.

162 2180 387 2218 Legumhuma.
511 2191 557 2232 5.
593 2185 828 2233 Humana
871 2185 953 2233 lex
994 2185 1150 2233 omnis
1185 2184 1350 2233 civilis
1385 2191 1475 2232 est.
1544 2184 1672 2232 Nam
1695 2191 1834 2234 extra

161 2233 274 2259 narum,
287 2224 318 2252 id
330 2228 374 2253 est

161 2267 299 2316 ,civilium
313 2268 415 2296 divisio
443 2260 664 2308 civitates
697 2267 851 2309 status
874 2261 1128 2309 hominum
1150 2261 1340 2309 hostilis
1365 2267 1439 2308 θεῖ
1459 2281 1471 2315 ;
1506 2259 1557 2307 in
1581 2275 1693 2323 quo,
1719 2261 1833 2323 quia

159 2320 302 2383 ιοῗιιῗιξζῗὸ
315 2314 344 2339 et
357 2321 405 2340 ω’
442 2336 564 2383 alter
604 2336 745 2384 alteri
767 2353 867 2384 non
891 2337 1161 2400 subjicitur,
1186 2336 1318 2400 leges
1355 2341 1534 2400 praeter
1570 2334 1833 2384 dictamina

441 2412 643 2459 rationis
667 2412 918 2471 naturalis,
945 2429 1054 2475 quae
1088 2412 1168 2460 lex
1192 2412 1356 2459 divina
1396 2417 1483 2469 est,
1519 2410 1664 2458 nullae
1701 2418 1827 2459 sunt.

443 2487 501 2535 In
542 2487 738 2536 civitate
774 2505 906 2548 vero,
940 2489 1043 2536 sola
1082 2489 1268 2547 civitas,
1308 2487 1402 2535 hoc
1443 2492 1530 2545 est,
1566 2485 1712 2533 homo
1751 2486 1830 2535 vel

442 2564 591 2623 curia,
612 2564 691 2611 cui
710 2581 953 2612 summum
977 2564 1187 2612 civitatis
1210 2563 1468 2627 imperium
1491 2561 1827 2622 committitur,

439 2638 688 2702 legislator
730 2646 817 2699 θεῖ,
866 2640 1073 2687 civitatis
1115 2645 1279 2687 autem
1318 2638 1448 2700 leges
1489 2636 1651 2684 civiles
1697 2644 1825 2685 sunt.

446 2713 630 2762 Civiles
649 2715 790 2780 leges
809 2722 1013 2779 possunt
1028 2715 1178 2762 dividi
1194 2731 1283 2778 pro
1303 2711 1580 2762 diversitate
1596 2712 1827 2775 subjectae

440 2791 656 2839 materiae
681 2791 732 2838 in
756 2808 936 2839 sacras
955 2798 1005 2838 et
1028 2790 1313 2838 soeeulares.
1361 2789 1537 2835 Saeroe
1560 2794 1691 2845 sunt,
1716 2804 1828 2851 quae

439 2867 689 2929 pertinent
711 2867 775 2915 ad
797 2867 1095 2930 religionem,
1119 2866 1213 2913 hoc
1238 2870 1324 2923 θεῖ,
1348 2863 1412 2911 ad
1444 2862 1741 2911 ceremonias
1775 2869 1828 2912 et
