2020 3262
403 260 475 294 DE
502 259 691 294 REGNo
718 259 815 294 DEI
842 259 948 292 PER
974 258 1197 294 PACTUM
1225 261 1425 295 VETUS.
1521 253 1617 295 353

214 371 441 421 scientiae
480 373 593 422 boni
629 380 680 422 et
715 372 851 432 mali,
894 371 999 419 sive
1027 371 1286 434 judicatio
1325 373 1542 421 debono
1568 381 1620 422 et
1659 399 1790 432 SECT,
1811 398 1883 432 111.

217 447 350 496 malo
372 449 623 513 prohibita
641 449 718 508 sit,
736 449 836 497 sive
855 463 965 496 esus
978 447 1169 495 fructus
1188 448 1395 511 alicujus
1410 450 1619 509 arborei,
1748 451 1798 482 ¹⁶·

216 523 380 572 *Deum
409 525 683 589 postulasse
719 523 980 589 praeceptis
1014 523 1112 571 suis
1137 523 1468 571 obedientiam
1506 525 1622 573 sim-

216 600 550 664 plicissimam,
575 601 678 648 sine
698 599 1034 664 disputatione
1058 615 1122 646 an
1147 598 1321 646 bonnm
1343 599 1423 647 vel
1440 601 1622 649 malam

216 684 348 724 esset
372 677 507 740 quod
529 677 896 740 praeciperetur.
967 675 1175 722 Fructus
1199 675 1331 722 enim
1349 675 1554 734 arboris,
1579 677 1620 724 si

214 751 507 800 mandatum
530 752 674 811 absit,
693 752 816 799 nihil
837 751 988 799 habet
1006 750 1058 798 in
1075 757 1256 798 natura
1272 767 1375 810 sua,
1396 767 1493 815 quo
1509 768 1620 800 esus

216 828 323 892 ejus
347 828 600 876 moraliter
623 828 799 887 malus,
815 828 910 876 hoc
927 836 1016 885 est,
1033 834 1304 891 peecatum
1323 843 1428 875 esse
1446 828 1618 891 possit.

285 909 333 952 3.
370 905 575 952 Pactum
616 912 783 953 autem
818 904 949 951 inter
989 904 1150 951 Deum
1191 911 1242 951 et
1282 903 1619 951 Abrahamum
1636 901 1887 975 ξζξιῑὲζζὶξξ

215 979 310 1028 hac
333 980 544 1028 formula
562 979 740 1027 initum
764 986 839 1027 est
875 979 1018 1040 (Gen.
1042 978 1158 1026 xvii.
1186 980 1232 1037 7,
1259 980 1347 1041 8),;
1386 978 1620 1028 Statuam
1635 998 1717 1017 mum
1729 990 1862 1020 formula

205 1062 418 1120 pactum
443 1073 598 1104 meam
622 1055 755 1103 inter
779 1072 854 1103 me
878 1062 929 1103 et
953 1062 1018 1114 te,
1055 1061 1106 1102 et
1131 1055 1266 1102 inter
1297 1071 1462 1103 semen
1487 1062 1621 1104 taam

205 1138 332 1196 post
355 1139 409 1180 te¹
430 1132 480 1179 in
500 1131 917 1196 generationibus
940 1131 1046 1178 suis
1061 1130 1276 1194 foede're
1298 1131 1621 1197 sempitern0‚

215 1215 272 1256 ut
294 1207 387 1256 sim
410 1206 551 1255 Deus
576 1214 688 1255 tuus
713 1213 764 1254 et
787 1207 990 1254 seminis
1023 1207 1098 1254 tui
1127 1214 1253 1271 post
1292 1214 1341 1255 te
1365 1208 1416 1255 in
1439 1209 1632 1273 sempi÷

215 1289 437 1331 ternum:
476 1282 705 1348 daboque
730 1283 824 1331 tibi
848 1290 899 1331 et
918 1283 1094 1330 semini
1134 1290 1216 1331 tuo
1251 1290 1443 1331 terram
1470 1278 1622 1349 pere-

210 1357 525 1423 grinationis
550 1364 665 1417 tuce,
690 1375 875 1406 omnem
905 1365 1098 1406 terram
1127 1357 1387 1417 Chanaan,
1414 1359 1465 1406 in
1495 1376 1621 1424 pos-

212 1434 482 1482 sessionem
528 1440 785 1482 oeternam.
882 1434 994 1485 Quo
1040 1450 1158 1481 vero
1206 1435 1518 1483 Abrahamus
1566 1444 1617 1484 et

213 1525 382 1558 semen
417 1510 523 1574 ejus
564 1510 852 1558 memoriam
897 1509 1095 1557 foederis
1134 1511 1280 1574 hujus
1328 1527 1621 1560 conservare

212 1592 394 1650 posset,
432 1585 712 1634 necessaria
752 1594 859 1634 erat
905 1586 1034 1649 signi
1075 1586 1338 1635 institutio.
1409 1587 1622 1651 Adjecta

214 1675 334 1727 ergo
365 1669 441 1711 est
469 1670 616 1726 pacto
642 1662 973 1722 circumcisi0‚
1000 1662 1087 1709 sed
1123 1669 1290 1710 tamen
1331 1670 1388 1710 ut
1425 1663 1622 1726 signum

212 1745 409 1788 tantum
446 1738 591 1800 (vers.
640 1739 755 1802 lO):
792 1738 909 1786 Hoc
934 1745 1011 1786 est
1038 1745 1253 1803 paetum
1288 1756 1461 1795 meum,
1487 1741 1623 1804 qnod

213 1814 505 1863 observabis
531 1815 665 1862 inter
688 1831 764 1862 me
787 1821 838 1862 et
874 1821 939 1873 te,
966 1820 1016 1862 et
1039 1830 1203 1862 semen
1230 1821 1364 1862 tumn
1384 1823 1511 1880 post
1535 1823 1619 1864 te:

213 1891 603 1939 circumcidetur
628 1908 690 1938 ex
720 1890 857 1938 vobis
894 1907 1032 1939 omne
1070 1891 1409 1950 mascnlinum,
1445 1898 1496 1940 et
1521 1892 1620 1940 eir-

213 1967 508 2015 cumcidetis
533 1983 734 2015 carnem
748 1966 1006 2032 proepatii
1040 1967 1214 2025 vestri,
1239 1973 1295 2014 nt
1331 1967 1402 2015 sit
1436 1967 1486 2015 in
1510 1968 1618 2033 sig-

210 2059 323 2091 nam
345 2043 578 2107 foederis
614 2043 747 2091 inter
771 2059 846 2090 me
884 2049 934 2090 et
970 2058 1070 2090 vos.
1142 2043 1346 2090 Pactum
1371 2059 1489 2107 ergo
1527 2052 1616 2103 est,

209 2125 267 2167 ut
284 2118 596 2167 Abrahamus
628 2126 866 2183 agnoscat
890 2117 1052 2165 Deum
1075 2133 1181 2166 esse
1206 2120 1367 2167 Deum
1391 2120 1542 2184 ipsius
1567 2129 1618 2169 et

212 2195 412 2244 seminis
449 2196 568 2259 ejus,
592 2196 688 2244 hoc
729 2202 818 2254 est,
843 2194 914 2242 illi
949 2195 1210 2243 submittat
1234 2212 1286 2244 se
1310 2197 1615 2260 regendum;

211 2279 263 2320 et
284 2279 343 2319 ut
366 2272 500 2320 Deus
521 2272 606 2320 det
629 2271 914 2319 Abrahamo
931 2271 1276 2320 haereditatem
1294 2279 1443 2322 terrae
1467 2274 1612 2333 illius,

212 2346 265 2396 in
303 2363 400 2411 qua
437 2356 558 2395 tunc
590 2348 860 2407 habitabat,
885 2347 972 2395 sed
1011 2354 1068 2395 ut
1106 2349 1425 2412 peregrinus3
1461 2358 1615 2414 utque

213 2424 523 2473 Abrahamus
555 2425 608 2472 in
642 2425 837 2488 signum
865 2424 1148 2472 memoriale
1183 2425 1329 2489 hujus
1364 2426 1498 2490 pacti
1530 2443 1616 2474 cu-

212 2507 347 2549 raret
371 2517 423 2549 se
442 2509 492 2549 et
516 2517 682 2548 semen
701 2502 805 2564 ejus
823 2500 1149 2549 masculinum
1169 2501 1479 2550 eircumcidi.

281 2583 329 2625 4.
367 2577 492 2625 Cum
528 2594 646 2625 vero
687 2578 1012 2637 AbrahamUS,
1051 2577 1200 2625 etiam
1240 2586 1356 2626 ante
1395 2585 1613 2642 pactum,
1634 2578 1671 2607 ¹¹¹
1685 2580 1838 2617 P³⁰t⁰⁵¹¹⁰

1632 2624 1800 2651 continetur
1814 2622 1893 2662 ugni-

153 2684 160 2692 ·
213 2652 375 2701 Deum
399 2653 680 2717 agnovisset
702 2654 875 2701 mundi
898 2660 1174 2702 creatorem
1206 2662 1257 2702 et
1289 2671 1456 2718 regem
1477 2676 1490 2710 3
1527 2671 1612 2704 ne·
1632 2667 1673 2716 ῑξο
1688 2667 1754 2717 1)ςὴἶ
1762 2677 1822 2695 non

215 2745 309 2792 que
333 2730 465 2778 enim
489 2729 549 2778 de
573 2730 888 2789 exsistentia,
913 2746 1075 2793 neque
1095 2730 1156 2778 de
1170 2731 1502 2796 providentia
1522 2732 1614 2780 Dei
1631 2710 1875 2791 {Jiffsslssssffssff

213 2821 431 2869 unquam
450 2805 694 2854 dubitavit
715 2827 726 2862 ;
765 2806 1011 2870 quomodo
1043 2807 1344 2870 superfluum
1367 2823 1468 2856 non
1492 2815 1612 2868 erat,
1630 2798 1881 2826 ‘mmmmm

214 2881 348 2943 quod
393 2881 725 2931 obedientiam
771 2882 865 2931 sibi
910 2889 1089 2932 natura
1139 2882 1357 2932 debitam
1403 2884 1615 2934 voluerit

346 2972 466 3006 VOL.
489 2973 550 3006 11.
1389 2975 1422 3008 A
1444 2975 1478 3008 A
