2020 3262
381 273 452 307 DE
479 274 620 307 JURE
647 273 1000 307 DOMINORUM
1028 274 1088 307 IN
1117 274 1343 308 snnvos.
1445 267 1544 310 253

155 399 316 449 neque
340 385 506 435 differt
540 386 701 450 quoad
723 386 953 434 effectum
989 402 1019 433 a
1041 386 1435 446 manumissione,
1461 387 1547 435 sed
1586 411 1799 443 SECT,111,

153 461 322 525 quoad
343 461 577 510 modum:
613 461 815 509 libertas
837 461 970 509 enim
1005 461 1087 508 hic
1124 461 1175 508 in
1211 477 1423 524 poenam,
1448 462 1547 510 illio
1685 465 1713 493 8·

155 535 209 584 in
231 537 444 600 gratiam
468 537 586 585 data
607 543 710 592 est3
745 536 1010 600 utrobique
1033 543 1200 584 autem
1225 535 1437 583 dominio
1471 552 1548 584 re-

154 612 432 661 nunciatur.
501 612 682 670 Tertio,
707 627 880 660 servus
904 612 944 659 si
968 618 1140 675 captus
1156 611 1320 670 fuerit,
1336 618 1550 659 veterem

154 687 443 737 servitutem
466 704 591 736 nova
614 688 791 736 abolet.
860 688 991 736 Nam
1023 688 1151 736 sieut
1174 695 1224 735 et
1254 692 1548 735 res‘caeterae

153 780 340 823 omnes,
365 764 436 812 ita
458 779 650 827 quoque
674 770 724 811 et
757 763 884 812 servi
913 763 1043 811 bello
1067 762 1401 826 acquiruntur,
1428 779 1549 826 quos

152 856 351 904 aequum
374 846 449 888 est
469 848 527 888 ut
551 839 774 888 dominus
791 847 1036 904 protegat,
1061 840 1101 887 si
1137 854 1249 887 suos
1273 855 1378 887 esse
1400 839 1548 887 volet.

153 916 363 975 Quarto,
402 915 639 964 liberatur
683 932 855 964 servus
894 916 1204 980 ignoratione
1241 916 1549 975 successoris,

153 998 275 1056 puta
314 991 552 1040 moriente
599 991 791 1039 domino
837 992 940 1040 sine
990 999 1303 1051 testamento,
1345 999 1395 1039 et
1447 992 1551 1039 sine

153 1067 366 1117 haerede.
403 1067 562 1116 Nemo
587 1068 718 1116 enim
742 1068 949 1131 obligari
971 1068 1280 1130 intelligitur,
1304 1068 1401 1115 nisi
1425 1068 1550 1116 scire

155 1144 314 1209 possit
338 1144 419 1193 oui
440 1144 776 1208 praestandum
794 1144 856 1192 sit
872 1144 1005 1207 quod
1024 1144 1244 1192 debetur.
1280 1145 1549 1203 Postremo,

150 1236 343 1279 servus,
369 1220 453 1284 qui
474 1219 525 1268 in
550 1219 746 1268 vincula
770 1219 1045 1283 conjicitur,
1069 1220 1145 1267 vel
1182 1237 1379 1284 quoquo
1404 1221 1549 1268 modo

153 1292 380 1344 libertate
409 1296 654 1360 corporali
693 1296 932 1360 privatur,
959 1296 1116 1344 altera
1138 1296 1222 1344 illa
1251 1297 1549 1360 obligatione

148 1372 357 1437 pactitia
378 1372 628 1420 liberatur.
699 1372 815 1420 Non
839 1371 969 1419 enim
993 1372 1185 1420 exsistit
1218 1380 1432 1436 paetum,
1456 1373 1551 1420 nisi

153 1448 240 1497 ub'i
277 1448 547 1513 paciscenti
587 1447 837 1503 creditur;
873 1463 965 1495 nee
996 1447 1170 1496 violari
1206 1455 1371 1511 potest
1410 1448 1548 1506 fides,

152 1541 266 1590 quae
287 1541 389 1573 non
414 1532 490 1573 est
510 1524 693 1572 habita.
763 1522 1005 1571 Dominus
1029 1531 1210 1582 autem,
1232 1523 1315 1587 qui
1339 1524 1443 1587 ipse
1466 1525 1550 1572 alii

150 1601 319 1661 servit,
359 1617 530 1649 servos
565 1616 678 1648 suos
715 1616 816 1648 non
856 1607 1021 1663 potest
1061 1600 1132 1647 ita
1166 1600 1390 1659 liberare,
1433 1601 1553 1664 quin

129 1692 348 1741 *semper
369 1677 470 1726 sint
492 1677 545 1725 in
566 1683 812 1741 potestate
838 1676 1023 1723 domini
1050 1676 1288 1740 supremi.
1344 1677 1474 1724 Nam
1497 1685 1554 1725 ut

150 1769 302 1817 supra
335 1759 585 1810 ostensum
623 1759 714 1811 est,
740 1758 853 1799 sunt
890 1751 1013 1800 tales
1050 1752 1185 1800 servi
1221 1769 1321 1800 non
1352 1753 1441 1813 sui,
1467 1754 1555 1802 sed

150 1828 340 1877 domini
363 1828 601 1894 supremi.

227 1910 302 1954 10.
343 1904 531 1953 Eodem
582 1903 729 1952 modo
777 1903 1050 1967 acquiritur
1102 1905 1182 1968 jus
1228 1904 1280 1952 in
1325 1905 1554 1953 animalia
1569 1911 1787 1984 ξοφῑῐύξιπξίη

143 1980 345 2029 ‘ratione
367 1981 603 2039 carentia,
624 1997 719 2044 quo
742 1981 795 2028 in
814 1996 1065 2046 personas
1088 1980 1342 2028 hominum
1362 2002 1374 2036 ;
1410 1981 1554 2029 nimi-
1571 1959 1778 2027 nissffilsssst.

153 2073 264 2105 rum
303 2057 490 2105 viribus
537 2064 587 2105 et
627 2057 865 2120 potentiis
910 2057 1231 2106 naturalibus.
1302 2057 1555 2121 Siquidem

149 2133 287 2181 enim
316 2132 368 2181 in
393 2140 524 2181 statu
546 2133 773 2193 naturali,
807 2141 1010 2197 propter
1031 2134 1214 2181 bellum
1251 2135 1470 2182 omnium
1502 2134 1554 2182 in

152 2225 339 2269 omnes,
359 2210 620 2273 subjugare
637 2210 716 2257 vel
734 2209 880 2257 etiam
900 2209 1122 2257 occidere
1136 2210 1359 2259 homines
1376 2211 1554 2275 cuique

153 2285 345 2334 licitum
360 2285 438 2344 sit,
456 2286 647 2349 quoties
661 2285 715 2333 id
732 2301 820 2333 suo
839 2286 970 2333 bono
987 2285 1262 2333 conducere
1277 2286 1524 2334 videbitur
1540 2307 1552 2342 ;

152 2362 310 2410 multo
334 2362 490 2425 magis
521 2362 652 2409 idem
668 2361 858 2409 licitum
873 2362 965 2409 erit
985 2361 1217 2410 adversus
1234 2362 1434 2422 belluas,
1459 2363 1554 2411 hoc

154 2444 246 2497 est,
270 2439 512 2486 arbitratu
535 2454 624 2486 suo
661 2453 743 2485 eas
779 2438 831 2485 in
868 2437 1152 2486 servitutem
1175 2438 1417 2501 subigere,
1444 2454 1554 2502 quae

153 2529 244 2577 per
280 2514 533 2578 ingenium
573 2514 781 2562 cicurari
819 2522 870 2562 et
904 2514 1014 2562 usui
1052 2514 1144 2562 sibi
1185 2530 1291 2562 esse
1331 2522 1553 2579 possunt,

156 2597 359 2639 caeteras
392 2591 520 2639 bello
551 2598 789 2654 perpetuo
819 2597 877 2637 ut
912 2590 1084 2638 noxias
1115 2590 1343 2654 persequi
1381 2598 1431 2638 et
1471 2590 1555 2638 de-

154 2673 361 2715 struere.
431 2666 713 2714 Dominium
736 2666 887 2729 igitur
909 2666 961 2713 in
994 2666 1176 2714 bestias
1207 2667 1448 2730 originem
1470 2667 1556 2715 ha-

155 2743 243 2792 bet
264 2759 294 2791 a
304 2744 427 2807 jure
442 2750 654 2802 naturoe,
670 2759 770 2791 non
786 2760 815 2790 a
821 2743 944 2806 jure
969 2742 1134 2790 divino
1151 2743 1388 2807 positiva
1426 2744 1556 2791 Nam

158 2818 200 2866 si
245 2835 345 2868 non
391 2819 655 2868 exstitisset
695 2819 793 2867 tale
835 2819 916 2882 jus
957 2826 1071 2866 ante
1110 2819 1555 2883 promulgationem

159 2895 427 2959 Scripturae
466 2912 633 2955 sacrae,
674 2911 818 2943 nemo
854 2896 965 2958 jure
1002 2895 1240 2958 potuisset
1276 2895 1455 2944 bestias
1492 2895 1556 2945 ad
