2020 3262
501 253 572 286 nn
600 252 773 286 STATU
800 253 1094 298 HOMINUM,
1122 255 1238 289 E'rc.
1472 249 1560 292 159

176 372 412 430 tanquam
432 366 499 414 ad
521 367 940 415 conservationem
962 367 1095 430 pacis
1123 374 1173 415 et
1196 368 1347 415 totius
1370 370 1563 431 generis

176 441 379 490 humani
401 440 618 506 regimen
640 442 763 490 nihil
785 441 918 490 aliud
937 458 1057 506 opus
1076 450 1217 502 esset,
1237 459 1384 506 quam
1400 451 1457 492 ut
1474 445 1562 493 ho-

175 516 333 565 mines
357 518 408 565 in
429 524 575 581 pacta
605 525 655 565 et
686 517 992 566 conditiones
1024 518 1274 581 quasdam,
1314 535 1432 582 quas
1469 520 1562 583 ipsi

1615 394 1742 428 SECT.
1760 395 1829 428 111.

1700 447 1730 478 1.

1582 539 1636 567 Soc
1637 539 1732 568 ietatis
1751 540 1844 568 civilis

1579 582 1644 611 initi
1635 591 1696 610 mm
1716 592 1778 611 esse
1800 593 1818 612 a

171 593 276 656 Jam
321 601 428 642 tum
478 593 610 656 leges
659 593 923 657 appellant,
978 594 1327 642 consentirent.
1415 591 1589 648 Qu0d¹
1579 629 1683 654 mutuo
1697 630 1785 654 mem

176 668 382 728 axioma,
423 685 717 732 quamquam
752 685 782 716 a
816 669 1037 732 plurimis
1077 677 1344 733 receptum,
1385 670 1561 718 falsum

175 750 356 804 tamen,
370 760 606 808 errorque
633 761 664 792 a
692 745 836 792 nimis
862 745 958 793 levi
980 753 1171 793 naturae
1193 745 1421 794 humanae
1444 762 1561 794 con-

176 820 492 884 templatione
525 819 774 883 profectus
815 828 902 869 est.
973 820 1155 869 Causas
1196 821 1342 880 enim,
1384 822 1560 884 quibus

174 895 396 945 homines
417 905 782 960 congregantur
804 904 854 944 01
877 897 1110 945 500101310
1132 904 1303 945 mutua
1325 897 1557 962 gaudent,

173 972 386 1037 penitius
407 972 793 1036 inspectantibus
815 973 959 1021 facile
982 974 1240 1032 constabit,
1259 990 1360 1021 non
1378 973 1488 1022 ideo
1507 974 1559 1022 id

105 1059 112 1066 '
171 1049 296 1109 fieri,
326 1047 456 1112 quod
479 1049 619 1096 aliter
641 1049 748 1096 fieri
770 1056 948 1097 natura
969 1065 1071 1097 non
1092 1049 1262 1113 possit,
1288 1049 1375 1098 sed
1399 1066 1459 1097 ex
1477 1066 1559 1098 ac-

172 1124 381 1174 cidente.
433 1125 562 1173 Nam
576 1125 618 1173 si
629 1124 776 1173 homo
790 1125 1039 1173 hominem
1054 1133 1241 1174 amaret
1253 1126 1558 1186 naturaliter,

171 1200 226 1250 id·
246 1208 338 1260 est,
360 1209 419 1250 ut
438 1201 714 1257 hominem;
740 1201 875 1249 nulla
895 1201 1021 1249 ratio
1044 1201 1184 1249 reddi
1205 1208 1385 1265 posset,
1409 1218 1559 1266 quare

173 1279 502 1363 unusquisque
535 1293 931 1341 unumquemque
966 1294 1065 1325 non
1097 1294 1236 1342 aeque
1271 1285 1472 1337 amaret,
1503 1286 1560 1327 ut

174 1355 313 1418 aequ‘e
347 1354 623 1410 hominem;
656 1361 743 1402 aut
777 1369 865 1402 cur
898 1369 982 1402 005
1016 1354 1350 1417 frequentaret
1376 1354 1557 1418 potiuS,

173 1429 226 1478 in
246 1445 456 1493 quorum
479 1430 712 1478 societate
735 1429 829 1492 ipsi
854 1429 1018 1513 potius
1042 1446 1187 1492 quam
1211 1429 1316 1476 aliis
1341 1429 1559 1478 defertur

172 1504 334 1554 honor
363 1513 414 1554 et
438 1505 640 1554 utilitas.
710 1505 825 1553 Non
861 1505 1018 1553 socios
1048 1505 1215 1568 igitur,
1249 1505 1336 1553 sed
1366 1505 1427 1553 ab
1463 1505 1558 1555 illis

171 1579 358 1629 honore
379 1581 459 1629 vel
482 1580 738 1630 commodo
762 1580 888 1628 affici
911 1587 1089 1628 natura
1112 1580 1404 1644 quaerimus;
1450 1581 1557 1630 haec

171 1657 420 1720 primario,
457 1657 564 1706 illos
587 1657 876 1705 secundario
900 1657 1186 1720 appetimus.
1258 1657 1369 1711 Quo
1393 1665 1558 1705 31110111

171 1733 377 1781 consilio
400 1733 622 1781 homines
659 1739 1034 1796 congregentur,
1067 1748 1127 1780 ex
1154 1732 1212 1780 iis
1244 1733 1558 1796 cognoscitur

171 1824 282 1872 quae
304 1808 492 1857 faciunt
509 1808 809 1872 congregati.
863 1808 915 1856 Si
934 1816 1111 1856 coeant
1129 1808 1259 1856 enim
1277 1810 1558 1857 commercii

171 1901 334 1944 causa,
353 1885 686 1948 unusquisque
703 1901 803 1932 non
820 1884 1020 1943 socium,
1043 1884 1128 1932 sed
1145 1900 1249 1932 rem
1263 1900 1399 1932 suam
1416 1885 1554 1932 colit:

171 1961 213 2009 si
235 1961 383 2009 officii
405 1977 567 2021 causa,
602 1961 820 2009 nascitur
849 1960 1056 2009 forensis
1079 1960 1302 2023 quaedam
1325 1960 1555 2019 amicitia,

169 2037 280 2101 plus
301 2037 487 2086 habens
504 2037 663 2085 mutui
679 2044 837 2084 metus
861 2052 1007 2099 quam
1030 2037 1229 2092 amoris;
1253 2037 1384 2085 unde
1401 2036 1554 2084 factio

139 2172 141 2175 Ι
169 2113 433 2177 aliquando
457 2113 689 2172 nascitur,
719 2113 804 2161 sed
824 2113 1164 2160 benevolentia
1185 2129 1450 2177 nunquam.
1503 2112 1555 2160 Si

169 2188 320 2237 animi
342 2196 392 2237 et
415 2189 673 2237 hilaritatis
697 2204 856 2246 causa,
889 2188 1011 2236 solet
1032 2188 1242 2237 maxime
1274 2189 1555 2253 perplacere

168 2265 262 2314 sibi
274 2265 609 2329 unusquisque
626 2265 685 2313 iis
703 2265 863 2322 rebus,
883 2280 991 2327 quae
1004 2264 1157 2312 risum
1175 2264 1404 2323 excitant,
1421 2264 1555 2312 unde

153 2341 338 2406 possit,
361 2348 510 2405 prout
533 2348 606 2389 est
628 2348 805 2388 natura
826 2339 1033 2398 ridiculi,
1071 2340 1434 2404 comparatione
1453 2348 1556 2388 tur-

166 2416 348 2482 pidinis
366 2417 444 2465 vel
466 2416 761 2464 infirmitatis
776 2416 961 2474 alienae,
979 2416 1081 2479 ipse
1097 2416 1290 2464 sibimet
1307 2432 1554 2464 commen-

165 2492 331 2542 (131101-
363 2492 583 2541 evadere.
652 2492 856 2540 Etiamsi
880 2499 1042 2540 autem
1064 2492 1158 2540 hoc
1184 2492 1449 2540 innocuum
1466 2492 1554 2539 ali-

165 2568 363 2633 quando
387 2576 438 2616 et
463 2568 567 2616 sine
591 2569 776 2616 offensa
799 2568 888 2623 sit;
923 2568 1234 2616 manifestum
1264 2576 1430 2615 tamen
1462 2576 1551 2627 est,

166 2644 400 2694 delectari
424 2660 506 2692 eos
529 2661 628 2692 non
650 2644 784 2707 prius
816 2643 1046 2692 societate
1079 2660 1225 2706 quam
1255 2643 1412 2706 gloria
1447 2659 1549 2692 sua.

167 2719 414 2770 Caeterum
454 2721 740 2784 plerumque
789 2720 842 2767 in
886 2719 1165 2783 hujusmodi
1211 2719 1550 2782 congressibus

165 2795 410 2845 laeduntur
440 2797 678 2855 absentes,
714 2812 882 2844 eorum
917 2802 1024 2844 tota
1057 2795 1174 2854 vita,
1215 2795 1361 2855 dicta,
1401 2795 1548 2855 facta,

164 2873 520 2933 examinantur,
531 2873 828 2937 judicantur,
845 2873 1250 2934 condemnantur,
1268 2878 1317 2920 et
1332 2871 1548 2920 dicteriis
