1994 3276
475 254 547 288 DE
575 250 942 288 NEcEssARns
968 250 1042 284 AD
1071 250 1347 285 SALUTEM.
1508 240 1605 285 429

204 362 269 416 iii:
295 367 380 416 illa
413 374 595 426 autem,
620 365 733 415 sola
767 363 1054 413 obedientia
1071 381 1089 417 ;
1125 362 1213 410 sed
1235 377 1396 425 neque
1416 361 1609 425 justitia
1661 385 1789 417 SECT,
1806 384 1877 416 111,-

203 445 325 504 sola,
348 459 510 507 neque
532 443 654 492 fides
678 442 782 491 sola
804 439 1077 502 salvificat,
1104 438 1190 486 sed
1214 438 1358 485 simul
1382 439 1554 486 ambae.
1661 437 1851 505 *If-j

279 525 354 568 13.
389 519 466 567 Ex
498 519 572 578 iis,
598 534 709 582 quae
742 517 981 564 hactenus
1013 514 1147 562 dicta
1182 520 1311 571 sunt,
1334 513 1478 561 facile
1513 514 1607 561 erit
1626 530 1662 558 In
1677 530 1794 580 civitate

204 595 484 660 perspicere
508 594 629 657 quid
664 594 729 642 sit
761 592 975 641 officium
1012 590 1194 638 civium
1218 589 1607 637 Christianorum
1623 574 1880 654 ssffssfflssgffigj

206 686 328 736 erga
363 687 579 720 summos
625 670 942 734 imperantes,
1015 667 1131 725 Qui,
1170 666 1405 729 quamdiu
1443 666 1607 713 Chris-
1624 661 1840 734 ffiffffiiffl

204 748 377 797 tianos·
393 763 499 796 esse
523 763 575 795 se
597 747 908 811 profitentur,
928 743 1137 792 subditis
1156 742 1255 790 suis
1279 748 1336 789 ut
1360 741 1608 789 Christum
1624 753 1654 777 et
1667 749 1802 777 civitatis-

204 831 389 888 negent
410 824 490 872 vel
524 822 823 872 contumelia
857 820 1074 869 afficiant
1104 819 1348 882 imperare
1371 834 1472 865 non
1494 834 1609 881 pos-

205 908 352 956 sunt3
387 916 504 948 nam
527 900 568 948 si
596 899 692 947 hoc
715 899 1031 962 imperarent,
1055 895 1409 959 profiterentur
1432 910 1484 942 se
1507 910 1610 942 non

205 990 313 1025 esse
338 976 659 1025 Christianos.
731 975 856 1022 Cum
891 973 1023 1021 enim
1058 979 1309 1020 ostensum
1343 971 1421 1030 sit,
1451 977 1501 1019 et
1534 986 1610 1018 ra-

204 1052 340 1102 tione
357 1051 572 1101 naturali
588 1058 638 1099 et
663 1067 724 1099 ex
750 1050 1016 1114 Scripturis
1037 1048 1215 1106 SacriS,
1232 1054 1460 1111 oportere
1478 1046 1609 1094 cives

204 1129 508 1194 principibus
531 1127 900 1190 rectoribusque
921 1125 1123 1174 summis
1142 1124 1353 1173 civitatis
1376 1124 1427 1171 in
1453 1122 1611 1171 omni-

204 1206 298 1255 bus
334 1205 551 1263 obedire,
587 1211 920 1268 praeterquam
954 1203 1006 1250 in
1041 1201 1116 1260 iis,
1142 1217 1251 1264 quae
1287 1207 1402 1248 sunt
1437 1205 1612 1247 contra

207 1281 444 1330 mandata
482 1280 604 1336 Dei;
642 1287 692 1328 et
722 1279 956 1328 mandata
991 1279 1085 1327 Dei
1122 1278 1173 1325 in
1210 1277 1410 1325 civitate
1446 1275 1611 1323 Chris-

205 1358 356 1418 tiana,
399 1358 531 1406 circa
578 1356 884 1422 temporalia
925 1355 1140 1418 quidem,
1181 1353 1233 1401 id
1270 1360 1359 1412 est,
1403 1368 1460 1400 ea
1502 1368 1612 1415 quae

206 1435 400 1484 ratione
439 1434 656 1482 humana
702 1430 1030 1480 examinanda
1071 1437 1200 1488 sunt,
1241 1429 1375 1492 leges
1417 1443 1521 1476 esse
1563 1435 1613 1475 et

206 1509 475 1559 sententias
515 1509 743 1567 civitatis,
775 1508 992 1571 prolatas
1030 1507 1091 1554 ab
1130 1506 1204 1564 iis,
1240 1505 1416 1568 quibus
1447 1504 1614 1567 legum

206 1585 529 1635 ferendarum
546 1584 1091 1646 controversiarumque
1101 1581 1482 1646 judicandarum
1501 1596 1614 1627 auc-

207 1661 386 1710 toritas
420 1678 451 1710 a
482 1660 681 1709 civitate
712 1660 975 1708 commissa
1006 1666 1110 1714 est;
1147 1658 1279 1706 circa
1312 1655 1614 1721 spiritualia

210 1754 347 1797 vero,
371 1737 424 1785 id
447 1745 537 1797 est,
562 1753 620 1784 ea
643 1753 753 1800 quae
787 1752 876 1800 per
912 1735 1218 1798 Scripturam
1254 1734 1456 1781 Sacram
1491 1732 1610 1780 defi-

208 1813 398 1863 niendav
420 1821 551 1873 sunt,
575 1812 710 1876 leges
745 1828 851 1859 esse
886 1818 937 1859 et
971 1810 1239 1859 sententias
1264 1809 1492 1867 civitatis,
1517 1808 1613 1856 hoc

210 1898 287 1940 est
310 1889 547 1949 ecclesiae,
576 1888 713 1952 (nam
736 1888 907 1936 civitas
933 1887 1215 1935 Christiana
1237 1893 1289 1934 et
1313 1885 1533 1943 ecclesia,
1557 1892 1614 1932 ut

210 1974 463 2016 ostensum
486 1972 562 2014 est
585 1965 747 2028 capite
777 1963 1104 2027 praecedente,
1130 1961 1338 2010 articulo
1361 1961 1611 2020 vicesimo,

210 2043 384 2092 eadem
398 2050 475 2091 est
488 2041 604 2103 res,)
615 2041 831 2105 prolatas
850 2057 878 2088 a
892 2039 1172 2104 pastoribus
1187 2039 1282 2086 rite
1297 2037 1613 2093 ordinatis‚et

211 2120 297 2184 qui
313 2136 344 2168 a
362 2120 561 2168 civitate
584 2119 637 2166 in
661 2134 771 2165 eam
793 2133 898 2164 rem
922 2116 1268 2164 auctoritatem
1286 2120 1612 2177 acceperunt3

211 2196 436 2260 sequitur
442 2194 701 2243 manifeste
715 2194 768 2241 in
783 2193 984 2241 civitate
995 2191 1276 2240 Christiana
1283 2189 1613 2238 obedientiam

213 2271 383 2321 deberi
406 2271 608 2319 summis
631 2269 986 2333 imperantibus
1010 2268 1063 2315 in
1085 2267 1231 2315 rebus
1251 2265 1494 2324 omnibus,
1511 2272 1615 2313 tam

211 2346 571 2413 spiritualibus
612 2362 759 2409 quam
807 2343 1182 2410 temporalibus.
1252 2341 1614 2405 Imperantibus

212 2431 379 2472 autem
417 2439 519 2471 non
561 2421 871 2480 Christianis,
912 2421 965 2468 in
1012 2417 1374 2483 temporalibus
1415 2417 1614 2480 quidem

213 2499 442 2549 omnibus
478 2498 687 2546 eandem
716 2496 885 2545 deberi
909 2494 1255 2552 obedientiam,
1282 2494 1431 2541 etiam
1454 2510 1484 2541 a
1507 2493 1613 2541 cive

214 2576 512 2634 Christiano,
538 2581 679 2623 extra
697 2572 1084 2622 controversiam
1107 2578 1181 2619 est
1200 2592 1212 2626 ς
1248 2570 1300 2618 in
1323 2568 1614 2634 spirituali—

211 2652 305 2701 bus
328 2667 463 2710 vero,
487 2651 583 2699 hoc
619 2658 707 2709 est,
743 2650 795 2697 in
825 2649 885 2697 iis
910 2665 1019 2712 quae
1051 2648 1303 2711 pertinent
1325 2646 1390 2694 ad
1411 2645 1614 2693 modum

215 2728 409 2777 colendi
449 2727 558 2785 Dei,
596 2725 846 2790 sequenda
877 2733 952 2773 est
987 2723 1205 2772 ecclesia
1235 2723 1400 2786 aliqua
1438 2721 1614 2770 Chris-

217 2805 482 2853 tianorum.
540 2802 737 2851 Etenim
760 2803 921 2850 Deum
940 2817 1040 2849 non
1058 2800 1193 2863 loqui
1210 2800 1262 2847 in
1279 2799 1425 2846 rebus
1448 2813 1614 2861 super-

215 2881 538 2940 naturalibus,
564 2879 658 2928 nisi
692 2895 781 2943 per
817 2878 1087 2943 Scripturae
1124 2877 1287 2925 Sacrae
1319 2875 1613 2939 interpretes
