2020 3262
425 225 488 268 92
975 240 1045 273 DE
1072 240 1313 274 HOMINE.

177 365 303 398 ssscrr.
329 367 379 399 11,
425 347 680 396 cietatibus
694 348 898 396 aliorum
913 350 1192 397 animalium
1208 350 1489 414 contingere
1503 365 1601 398 non
1614 359 1794 415 potest3

254 417 303 447 ¹⁰·
425 423 539 485 quia
562 439 670 486 quae
692 424 815 471 bene
840 433 889 472 et
912 426 1036 472 male
1060 426 1149 472 sibi
1175 433 1302 484 sunt,
1337 426 1434 473 suis
1459 427 1674 475 sensibus
1697 445 1796 477 non

424 497 628 545 aliorum
665 500 904 547 aestimant
945 501 1271 563 querimoniis,
1311 517 1514 563 quarum
1556 503 1795 564 querimo-

423 572 613 621 niarum
637 590 819 633 causas,
844 575 937 622 nisi
959 575 1142 634 vident,
1167 576 1437 638 intelligere
1460 593 1558 624 non
1576 586 1793 640 possunt.

423 648 680 707 Praeterea,
732 650 1079 697 consuetudine
1125 650 1354 697 audiendi
1410 651 1653 714 contingit
1708 652 1796 700 ali-

423 724 617 786 quando
636 724 708 782 iis,
738 725 819 786 qui
836 724 1146 787 philosophos
1170 732 1219 772 et
1244 725 1555 772 scholasticos
1573 726 1792 787 audiunt,

420 806 477 845 ut
499 800 647 846 verba
666 815 773 862 quae
798 799 1015 858 audiunt,
1053 800 1143 847 etsi
1173 800 1306 847 nulla
1338 816 1397 847 ex
1427 800 1520 847 illis
1552 802 1794 850 sententia

420 874 623 936 exprimi
646 875 812 937 possit,
833 875 993 937 qualia
1010 882 1122 922 sunt
1145 875 1226 923 illa
1249 892 1355 938 quae
1380 892 1408 922 a
1432 876 1712 925 doctoribus
1730 878 1794 926 ad

418 948 743 1011 ignorantiam
768 967 903 997 suam
930 951 1190 1013 tegendam
1221 951 1418 998 inventa
1446 959 1574 1008 sunt,
1607 959 1792 1000 temere

418 1031 582 1072 tamen
604 1026 859 1088 recipiunt,
884 1026 1036 1089 iisque
1060 1033 1280 1084 utuntur,
1304 1033 1531 1088 putantes
1556 1042 1606 1073 se
1631 1026 1791 1074 dicere

417 1100 601 1163 aliquid
637 1117 747 1148 cum
782 1101 902 1148 nihil
944 1102 1123 1148 dicant.
1215 1101 1434 1163 Denique
1475 1109 1676 1164 propter
1719 1101 1790 1148 lo-

417 1176 595 1236 quendi
617 1177 899 1223 facilitatem
928 1177 1091 1234 homo,
1123 1192 1229 1238 quae
1264 1192 1325 1222 ne
1361 1177 1543 1239 cogitat
1578 1176 1787 1238 quidem,

414 1249 643 1312 loquitur,
663 1258 711 1298 et
726 1268 833 1313 quae
846 1251 1062 1313 loquitur
1080 1251 1233 1298 credit
1245 1266 1359 1297 vera
1377 1267 1495 1308 esse,
1515 1258 1563 1298 et
1579 1251 1788 1313 seipsum

416 1325 638 1387 decipere
660 1333 852 1388 potest;
886 1326 1043 1373 bestia
1067 1326 1272 1388 seipsam
1299 1325 1465 1372 fallere
1494 1342 1593 1373 non
1610 1333 1785 1389 potest.

415 1399 585 1462 Itaque
609 1401 826 1447 oratione
848 1401 994 1447 homo
1008 1417 1106 1447 non
1130 1400 1299 1446 melior
1322 1400 1393 1458 fit,
1419 1400 1503 1447 sed
1524 1401 1785 1463 potentior.

154 1489 280 1517 seientia
292 1493 321 1538 pt
335 1491 379 1539 de:
483 1480 529 1522 4.
558 1474 780 1522 Scientia
795 1475 1081 1537 intelligitur
1096 1475 1155 1521 de
1172 1474 1540 1533 theorematum,
1556 1475 1607 1522 id
1622 1483 1710 1534 est,
1726 1476 1788 1527 de

152 1535 401 1613 ῗξξῖἷῗζζιζζζηῑ
415 1550 802 1613 propositionum
824 1549 1122 1612 generalium
1144 1549 1363 1607 veritate,
1389 1549 1440 1596 id
1464 1556 1551 1608 est,
1578 1550 1636 1597 de
1659 1551 1785 1598 veri—

163 1615 398 1647 ‘⁰¹²⁸⁰³¹²⁵²²¹¹¹¹¹¹·
414 1632 514 1672 tate
549 1625 1018 1687 consequentiarum.
1090 1624 1298 1672 Quando
1333 1640 1448 1672 vero
1486 1625 1546 1672 de
1580 1625 1784 1674 veritate

410 1701 529 1748 facti
563 1701 739 1763 agitur,
775 1716 873 1752 non
903 1699 1097 1763 proprie
1132 1699 1360 1757 seientia,
1385 1700 1469 1746 sed
1504 1700 1785 1763 simpliciter

410 1777 631 1839 cognitio
668 1777 858 1823 dicitur.
928 1776 1100 1837 Itaque
1135 1774 1338 1822 scientia
1362 1791 1419 1821 ea
1455 1775 1664 1837 quidem,
1690 1791 1785 1839 qua

409 1851 586 1898 scimus
618 1851 921 1914 propositum
956 1849 1152 1912 aliquod
1173 1849 1422 1896 theorema
1460 1865 1563 1897 esse
1598 1867 1781 1910 verum,

410 1933 483 1973 est
507 1927 719 1989 cognitio
734 1942 763 1973 a
781 1926 953 1984 causis,
973 1925 1072 1972 sive
1092 1941 1121 1971 a
1143 1924 1454 1987 generatione
1473 1925 1674 1988 subjecti
1695 1941 1783 1988 per

407 2009 592 2049 rectam
631 2001 1050 2048 ratiocinationem
1094 1999 1325 2046 derivata.
1411 2000 1482 2046 Ea
1517 2016 1648 2058 vero,
1685 2017 1781 2064 qua

407 2077 583 2124 scimus
628 2083 821 2123 tantum
860 2075 1088 2138 possibile
1134 2090 1238 2122 esse
1289 2082 1345 2122 ut
1388 2075 1637 2122 theorema
1682 2076 1778 2123 tale

405 2168 574 2199 verum
598 2151 676 2210 sit,
702 2158 775 2198 est
809 2150 1022 2213 cognitio
1048 2150 1265 2197 derivata
1309 2166 1396 2212 per
1418 2150 1682 2213 legitimam
1700 2166 1777 2197 ra-

404 2227 770 2274 tiocinationem
794 2227 853 2273 ab
879 2225 1176 2288 experientia
1194 2226 1467 2272 effectuum.
1527 2225 1650 2273 Quae
1674 2225 1778 2287 qui-

404 2302 514 2349 dem
540 2302 861 2349 derivationes
896 2301 1050 2347 ambae
1084 2300 1247 2347 vocari
1282 2300 1440 2347 solent
1477 2299 1774 2347 demonstra-

402 2377 591 2424 tiones:
626 2376 788 2439 potior
824 2384 988 2423 tamen
1027 2375 1110 2421 illa
1146 2391 1292 2437 quam
1322 2374 1458 2427 haec;
1495 2380 1544 2420 et
1579 2373 1773 2435 quidem

402 2453 576 2499 merito
594 2473 605 2507 ς
640 2457 840 2514 praestat
859 2451 989 2497 enim
1003 2450 1124 2497 scire
1140 2449 1381 2512 quomodo
1395 2449 1630 2511 possimus
1648 2464 1774 2511 prae-

403 2528 618 2575 sentibus
642 2527 798 2574 causis
822 2526 1001 2589 optime
1033 2526 1119 2584 uti,
1147 2541 1291 2587 quam
1314 2523 1626 2571 irrevocabile
1648 2539 1770 2586 prae-

400 2603 613 2660 teritum,
660 2601 799 2664 quale
843 2600 950 2659 fuit,
992 2615 1299 2663 cognoscere.
1390 2599 1559 2661 Itaque
1605 2614 1771 2646 earum

399 2684 590 2724 tantum
626 2693 787 2724 rerum
812 2676 1011 2723 scientia
1033 2691 1120 2738 per
1143 2673 1604 2721 demonstrationem
1637 2673 1769 2720 illam

399 2768 428 2798 a
441 2753 622 2815 priore
638 2752 911 2800 hominibus
936 2766 1162 2798 concessa
1185 2756 1273 2808 est,
1294 2764 1497 2812 quarum
1520 2748 1768 2812 generatio

398 2826 637 2889 dependet
658 2828 716 2874 ab
736 2827 949 2889 ipsorum
972 2825 1219 2873 hominum
1245 2823 1456 2870 arbitrio.
