2020 3262
184 368 312 401 SECT.
334 369 402 404 111.

270 420 319 450 11.

158 512 338 540 Absolutum

157 555 313 592 imperium
331 557 386 584 evi-

157 599 335 627 dentissimis
345 603 404 628 tam

156 641 233 669 Novi
244 651 332 679 quam
342 643 425 671 Vete-

154 684 374 714 risTestamenti
386 686 424 714 lo-

154 727 196 756 eis
205 729 422 766 comprobatum

446 228 541 271 282
993 242 1296 276 IMPERIUM.

442 350 651 412 plicem?
718 352 921 411 Deinde,
944 360 1001 401 ut
1023 354 1273 402 veniamus
1291 353 1355 400 ad
1372 354 1646 416 exemplum
1675 355 1824 419 ipsius

444 425 642 485 Christi,
668 427 746 475 cui
760 429 870 491 jure
902 428 1212 477 haereditario
1237 446 1266 476 a
1289 428 1476 476 Davide
1499 429 1716 478 derivato
1741 431 1824 479 de-

441 501 647 550 bebatur
682 519 887 566 regnum
910 505 1210 563 Judaeorum,
1234 506 1291 563 is,
1318 521 1430 551 cum
1468 521 1604 552 more
1644 506 1825 554 subditi

439 571 639 635 viveret,
668 579 907 627 tributum
947 580 1129 628 Caesari
1166 587 1215 627 et
1250 579 1509 643 pendebat,
1535 587 1585 627 et
1620 580 1825 629 Caesaris

441 668 545 700 esse
567 654 936 716 pronunciabat.
1006 656 1241 714 Reddite,
1275 655 1449 717 inquit,
1481 655 1681 717 (Matth.
1705 655 1822 704 xxii.

440 727 525 789 21)
562 745 669 792 quce
704 736 819 776 sunt
858 729 1092 787 Caesaris,
1123 730 1330 789 Coesari,
1356 737 1406 777 et
1438 747 1544 793 quoe
1566 737 1681 778 sunt
1705 731 1824 789 Dei,

438 802 564 850 Deo.
634 804 786 864 Idem,
811 821 922 852 cum
943 805 1203 868 placuisset
1243 806 1287 852 ei
1327 821 1492 867 regem
1523 821 1684 869 agere,
1708 806 1824 854 obe-

438 878 669 926 dientiam
692 880 934 943 integram
956 881 1249 944 requirebat.
1319 880 1417 938 Ite,
1442 880 1601 943 inquit
1623 881 1822 941 (Matth.

438 954 536 1002 xxi.
569 961 616 1013 2,
649 955 731 1018 3):
770 956 821 1002 in
854 956 1113 1003 castellum
1145 957 1281 1019 quod
1302 963 1480 1004 eontra
1517 974 1602 1004 vos
1641 963 1732 1016 est,
1774 963 1824 1005 et

439 1030 610 1077 statim
634 1031 894 1078 invenietis
914 1031 1104 1078 asinam
1130 1031 1414 1095 alligatam,
1440 1038 1490 1079 et
1506 1031 1699 1095 pullum
1717 1049 1824 1080 eum

439 1121 500 1151 ea
517 1123 536 1159 ;
572 1105 751 1152 solvite
782 1112 832 1153 et
873 1106 1111 1153 adducite
1148 1106 1267 1152 milii
1286 1124 1303 1153 .·
1339 1113 1389 1152 et
1412 1107 1459 1153 si
1483 1106 1595 1170 quis
1626 1106 1828 1170 aliquid

439 1179 646 1239 dixerit,
693 1180 864 1240 dieite,
910 1181 1045 1245 quod
1085 1181 1326 1228 Dominus
1372 1181 1452 1228 bis
1494 1198 1618 1245 opus
1657 1181 1821 1230 habet.

438 1255 573 1302 Fecit
590 1255 740 1318 igitur
762 1257 855 1304 hoc
887 1258 997 1319 jure
1022 1256 1221 1314 domini,
1246 1257 1346 1304 sive
1371 1257 1498 1319 regis
1521 1257 1820 1305 Judaeorum.

437 1330 627 1377 Tollere
646 1347 760 1379 vero
786 1332 980 1379 subdito
997 1333 1126 1380 bona
1149 1348 1250 1390 sua,
1277 1348 1333 1378 eo
1358 1332 1554 1379 nomine
1579 1332 1711 1395 quod
1734 1332 1822 1379 do-

436 1404 594 1452 minus
618 1422 742 1470 opus
765 1406 929 1466 babet,
953 1407 1209 1470 imperium
1233 1408 1508 1455 absolutum
1532 1414 1620 1455 est.
1690 1409 1821 1456 Loca

435 1480 737 1528 Testamenti
759 1481 949 1528 Veteris
983 1482 1035 1529 in
1073 1482 1278 1530 eandem
1302 1483 1596 1530 sententiam
1620 1483 1819 1531 eviden-

434 1555 636 1614 tissima,
670 1556 777 1603 haec
814 1563 955 1612 sunt3
997 1557 1141 1604 Deut.
1166 1573 1211 1603 v.
1237 1559 1332 1611 27:
1409 1558 1483 1604 Tu
1523 1557 1721 1617 aceede,
1767 1565 1819 1606 et

435 1630 557 1678 audi
597 1645 814 1679 CUNCTA
852 1648 959 1695 quoe
994 1632 1186 1679 dixerit
1208 1631 1448 1679 Dominus
1472 1632 1612 1679 Deus
1648 1640 1818 1680 noster

435 1705 543 1765 tibi,
563 1706 881 1770 loquerisque
899 1707 971 1754 ad
990 1724 1094 1766 nos,
1111 1713 1161 1754 et
1184 1724 1272 1754 nos
1296 1707 1555 1754 audientes
1559 1707 1817 1769 faciemus

433 1797 509 1829 ea.
567 1782 635 1828 At
654 1782 743 1829 sub
758 1797 929 1830 vocem
946 1782 1094 1840 illam,
1114 1788 1306 1840 cuneta,
1325 1782 1518 1844 integra
1542 1782 1818 1831 continetur

433 1857 725 1905 obedientia.
775 1858 959 1905 Rursus
984 1857 1047 1904 ad
1059 1858 1088 1905 J
1092 1873 1242 1905 osuen
1270 1857 1422 1918 (Josu.
1447 1857 1479 1904 i.
1502 1859 1690 1919 16-18):
1717 1858 1816 1905 Re-

432 1932 835 1997 sponderuntque
859 1933 931 1980 ad
947 1933 1148 1992 Josuen,
1174 1939 1325 1997 atque
1350 1932 1600 1992 dixerunt,
1633 1947 1815 1981 OMNIA

434 2024 540 2070 quoe
559 2008 859 2072 proeeepisti
897 2008 1036 2055 nobis
1049 2008 1325 2071 faciemus,
1350 2014 1400 2055 et
1419 2024 1706 2072 quoeunque
1728 2008 1816 2056 mi-

434 2083 579 2142 seris,
601 2082 775 2130 ibimus
790 2102 809 2138 ,·
834 2083 965 2130 sieut
980 2083 1278 2130 obedivimus
1303 2083 1354 2130 in
1376 2098 1609 2131 CUNCTIS
1625 2083 1814 2146 Moysi,

435 2158 509 2205 ita
533 2157 811 2206 obediemus
835 2164 885 2205 et
917 2158 1010 2205 tibi
1024 2177 1042 2212 ;
1080 2164 1268 2205 tantum
1304 2158 1373 2205 sit
1404 2158 1646 2205 Dominus
1672 2158 1814 2206 Deus

434 2240 545 2280 tuus
588 2240 759 2292 tecum,
797 2233 928 2280 sieut
943 2233 1063 2295 fuit
1094 2250 1199 2281 eum
1225 2234 1419 2296 Moyse.
1493 2234 1590 2289 Qui
1613 2239 1814 2281 eontra-

432 2308 623 2356 dioeerit
661 2308 739 2355 ori
781 2315 879 2367 tuo,
905 2315 954 2355 et
977 2325 1072 2355 non
1108 2308 1354 2355 obedierit
1379 2323 1611 2356 CUNCTIS
1633 2325 1813 2356 sermo-

431 2384 589 2443 nibus,
615 2400 738 2448 quos
752 2384 1066 2448 praeceperis
1089 2383 1152 2442 ei,
1177 2384 1434 2431 moriatur.
1502 2384 1565 2431 Et
1580 2383 1813 2446 parabola

430 2460 622 2507 rhamni
641 2460 774 2523 (Jud.
798 2460 863 2507 ix.
886 2458 1049 2521 14,15)
1072 2478 1083 2506 :
1108 2459 1458 2523 Dioeeruntque
1481 2459 1642 2507 omnia
1665 2458 1811 2523 ligna

429 2536 502 2583 ad
534 2535 803 2595 rhamnum,
849 2534 959 2582 veni
996 2540 1046 2581 et
1082 2534 1275 2598 impera
1322 2550 1474 2598 super
1511 2550 1615 2581 nos.
1689 2535 1811 2590 Quoe

428 2610 692 2675 respondit
716 2610 797 2669 iis,
817 2610 864 2657 si
887 2626 1000 2657 vere
1023 2625 1096 2656 me
1119 2625 1288 2673 regem
1306 2608 1625 2667 constituitis,
1649 2611 1811 2657 venite

429 2693 479 2733 et
517 2686 606 2734 sub
644 2685 816 2733 umbra
855 2702 962 2732 mea
1003 2684 1302 2748 requiescite
1316 2702 1336 2738 ;
1387 2683 1464 2731 sin
1505 2689 1667 2731 autem
1714 2701 1810 2732 non

429 2761 595 2820 vultis,
646 2760 946 2825 egrediatur
971 2760 1125 2824 ignis
1171 2758 1233 2806 de
1277 2758 1481 2805 rhamno
1516 2764 1566 2805 et
1606 2759 1810 2808 devoret

429 2836 606 2884 cedros
630 2836 830 2884 Libani.
902 2836 1123 2886 Quorum
1145 2835 1404 2883 verborum
1439 2835 1682 2883 sententia
1718 2843 1807 2894 est,
