1968 3256
395 241 462 285 40
928 254 998 288 DE
1026 254 1265 289 HOMINE.

923 570 1135 620 CAPUT
1169 571 1226 619 V.

479 683 549 717 DE
577 683 711 718 LOCO
738 684 966 719 OBJECTI
992 685 1317 720 APPARENTE
1353 688 1413 720 IN
1448 687 1706 722 SPECULIS

542 759 738 793 PLANIS
779 761 847 794 ET
876 761 1157 795 SPHAERICE
1198 762 1478 796 CONVEXIS
1518 763 1623 796 PER

847 836 1269 870 REFLEXIONEM.

395 911 429 949 l.
457 911 584 950 Locus
603 912 745 962 objecti
763 924 959 962 apparens,
979 913 1057 950 sive
1075 912 1182 950 loeus
1200 913 1385 963 imaginis,
1404 926 1473 963 per
1491 914 1733 953 reflexionem
1751 928 1774 954 a

441 973 604 1022 speculis
622 974 743 1023 planis
762 987 837 1012 non
856 974 1064 1024 diaphanis.
1118 976 1155 1012 2.
1185 975 1299 1016 Quod
1315 976 1353 1012 in
1372 976 1534 1025 speculis
1553 976 1674 1026 planis
1693 977 1776 1015 dia-

440 1035 575 1085 phanis
593 1035 719 1084 plures
738 1036 835 1073 fiunt
853 1036 1036 1086 imagines
1066 1035 1234 1086 ejusdem
1254 1036 1405 1086 objecti.
1459 1040 1496 1075 3.
1520 1037 1773 1076 Definitiones

441 1096 622 1146 quinque.
676 1098 714 1133 4.
743 1096 934 1134 Punctum
962 1097 1183 1146 principale,
1211 1097 1290 1135 sive
1321 1098 1360 1134 in
1389 1110 1465 1147 quo
1491 1099 1682 1136 evanescit
1707 1111 1773 1136 an-

440 1156 551 1206 gulus
570 1157 740 1202 visorius,
765 1157 803 1194 in
823 1158 985 1207 speculis
1000 1158 1179 1195 convexis
1198 1158 1334 1195 dividit
1351 1159 1672 1197 semidiametrum
1691 1173 1774 1210 spe-

440 1217 515 1254 culi
534 1230 617 1254 eam
636 1229 722 1267 quae
736 1222 792 1255 est
810 1219 847 1255 in
861 1218 1131 1268 perpendiculo
1146 1219 1246 1255 oculi
1264 1219 1451 1257 bifariam.
1504 1223 1541 1259 5.
1570 1220 1772 1262 Quomodo

437 1277 543 1316 locus
562 1279 701 1329 objecti
719 1292 904 1329 apparens
918 1292 986 1329 per
1000 1280 1242 1317 reflexionem
1256 1280 1294 1317 in
1314 1281 1467 1330 speculo
1481 1282 1664 1331 sphaerice
1682 1295 1772 1321 oon·-

437 1351 534 1377 vexo
552 1340 799 1378 inveniendus
817 1341 876 1378 sit.

140 1438 339 1472 SECT,11,
391 1424 433 1466 1.
470 1418 818 1467 MAGNITUDO
858 1427 908 1467 et
941 1419 1171 1467 distantia
1195 1420 1378 1483 objecti
1417 1422 1696 1484 apparentis
1719 1422 1770 1471 in

142 1536 147 1544 .
222 1491 253 1520 ⁵·
387 1495 592 1557 speculis
629 1495 786 1558 planis
816 1495 994 1558 politis,
1032 1495 1116 1542 sed
1151 1512 1252 1543 non
1293 1495 1562 1558 diaphanis,
1588 1497 1771 1545 eaedem

104 1582 201 1612 Locus
214 1584 318 1621 objecti
387 1577 500 1616 sunt
537 1585 644 1632 quae
681 1569 732 1616 in
755 1570 940 1617 visione
965 1570 1165 1629 directa,
1192 1571 1386 1633 quando
1410 1571 1574 1619 radius
1610 1572 1661 1619 in
1702 1572 1772 1620 di-

103 1627 341 1707 fflgfflgffi,
386 1653 521 1692 recta
543 1645 726 1692 visione
751 1645 949 1708 aequalis
974 1653 1047 1693 est
1070 1645 1304 1693 ambobus
1328 1646 1477 1693 radiis
1511 1647 1562 1694 in
1585 1647 1770 1696 visione

102 1713 369 1794 {egpfffissi‘ffiffis
385 1721 580 1780 reflexa,
599 1720 828 1767 nimirum
852 1720 921 1767 illi
941 1720 1024 1783 qui
1049 1727 1121 1768 est
1135 1720 1196 1767 ab
1213 1721 1405 1783 objecto
1422 1720 1485 1768 ad
1503 1723 1768 1784 speculum,

103 1807 163 1827 ¹¹⁰¹²
176 1799 335 1838 ffissph‘mis·
387 1797 469 1860 qui
516 1797 789 1860 appellatur
825 1796 1004 1844 radius
1046 1795 1284 1855 incidenS,
1315 1803 1365 1843 et
1397 1796 1468 1843 illi
1509 1797 1591 1860 qui
1633 1805 1706 1846 est
1742 1815 1772 1846 a

386 1872 581 1935 speculo
616 1871 680 1920 ad
719 1872 928 1930 oculum,
971 1871 1054 1934 qui
1089 1878 1292 1919 vocatur
1326 1872 1503 1920 radius
1533 1874 1768 1935 rqfleaem,

385 1947 528 1995 simul
551 1948 769 2011 sumptis.

453 2023 526 2071 Sit
563 2023 634 2084 (in
655 2024 737 2087 fig.
762 2023 806 2084 l)
830 2024 1074 2086 objectum
1098 2022 1143 2070 A
1158 2022 1213 2081 Β,
1239 2023 1405 2071 oculus
1434 2023 1484 2071 in
1516 2024 1568 2071 C.
1638 2024 1769 2072 Duc-

384 2098 447 2146 tis
471 2115 587 2162 ergo
603 2100 749 2147 rectis
766 2099 804 2147 C
819 2099 878 2157 A,
905 2099 943 2147 C
959 2099 1015 2158 Β,
1041 2099 1294 2161 apparebit
1308 2099 1359 2146 in
1374 2099 1563 2147 visione
1582 2099 1769 2148 directa

386 2174 633 2235 objectum
674 2175 801 2222 inter
839 2174 877 2221 C
892 2174 951 2233 A,
1000 2181 1050 2221 et
1097 2174 1135 2221 C
1154 2174 1194 2220 B
1241 2174 1432 2233 alieubi,
1473 2175 1766 2239 propiusque

386 2250 526 2298 oculo
556 2250 664 2313 (per
687 2266 792 2313 cap.
819 2265 903 2297 111.
920 2257 1011 2298 art.
1038 2250 1088 2312 3)
1112 2266 1258 2313 quam
1282 2257 1356 2298 est
1378 2251 1536 2313 ipsum
1555 2250 1599 2297 A
1616 2250 1654 2297 B
1681 2251 1766 2298 ob-

380 2328 584 2390 jectum.
656 2326 903 2389 Appareat
942 2326 1107 2388 itaque
1147 2325 1198 2372 in
1234 2325 1278 2372 D
1298 2326 1353 2373 E.
1424 2326 1766 2388 Interponatur

379 2403 482 2464 jam
518 2402 645 2449 inter
676 2401 870 2448 oculum
893 2407 942 2448 et
979 2401 1223 2464 objectum
1264 2400 1512 2463 speculum
1550 2401 1763 2463 planum,

386 2477 516 2539 quod
539 2477 602 2524 sit
626 2478 663 2525 F
681 2477 737 2536 G,
754 2492 921 2524 secans
947 2477 1059 2535 CA,
1086 2476 1125 2523 C
1140 2476 1180 2523 B
1204 2476 1255 2523 in
1279 2477 1328 2523 H
1354 2482 1402 2523 et
1426 2476 1476 2530 I;
1503 2475 1766 2524 ducantur-

387 2568 478 2615 que
503 2552 566 2600 ad
589 2553 626 2599 F
640 2553 682 2600 G
704 2551 1128 2615 perpendiculares
1146 2551 1186 2598 Β
1203 2551 1256 2610 L,
1281 2550 1325 2598 A
1342 2551 1402 2610 Κ,
1418 2550 1656 2614 factisque
1679 2568 1765 2599 an-

384 2628 508 2691 gulis
550 2628 589 2675 L
608 2628 630 2674 I
650 2628 706 2686 G,
743 2629 788 2674 K
809 2628 856 2674 H
878 2627 919 2674 G
943 2627 1207 2690 aequalibus
1230 2633 1437 2688 utroque
1460 2626 1654 2689 utrique
1678 2643 1763 2674 an-

384 2703 509 2767 gulis
539 2704 612 2750 FI
634 2703 690 2761 C,
726 2704 763 2750 F
779 2704 827 2750 H
849 2703 887 2750 C
913 2703 1011 2750 sive
1035 2703 1248 2765 ipsorum
1281 2701 1590 2749 verticalibus
1610 2702 1652 2749 G
1666 2702 1689 2748 Ι
1705 2702 1761 2760 Β,

385 2779 427 2828 G
443 2779 492 2826 H
508 2778 567 2836 A,
585 2787 728 2826 erunt
746 2787 893 2827 rectae
913 2779 954 2826 G
969 2779 1023 2837 L,
1049 2779 1126 2825 IL
1149 2777 1356 2841 aequales
1380 2777 1524 2824 rectis
1549 2776 1590 2824 G
1605 2777 1661 2834 B,
1681 2777 1703 2824 I
1722 2777 1760 2823 Β

384 2861 589 2926 uterque
620 2854 848 2924 utrique3
885 2854 1003 2901 item
1043 2860 1188 2901 rectae
1236 2852 1281 2900 K
1299 2853 1364 2911 H,
1402 2852 1450 2900 H
1470 2852 1515 2900 A
1552 2852 1761 2916 aequales
