2020 3262
301 267 374 302 DE
400 268 543 303 JURE
570 268 722 313 EJUS,
750 266 845 302 cm
873 266 1123 301 SUMMUM
1151 267 1458 302 IMPERIUM.
1508 258 1600 303 221

217 377 339 427 belli
372 387 425 429 et
455 380 612 445 pacis
635 379 956 428 transtulisse.
1027 379 1191 442 Atque
1224 380 1306 442 jus
1329 380 1440 438 hoc,
1474 380 1609 443 quod

211 453 446 520 gladium
484 456 604 504 belli
644 456 889 522 appellare
929 471 1203 519 possumus,
1246 471 1351 502 esse
1388 455 1608 519 ejusdem

216 530 429 580 hominis
465 532 544 580 vel
584 531 804 590 concilii,
837 532 975 595 cujus
1015 537 1091 578 est
1126 530 1339 595 gladius
1371 531 1606 592 justitiae.

217 606 378 656 Nemo
395 608 527 656 enim
550 608 613 656 ad
636 624 772 656 arma
794 614 844 655 et
861 606 925 655 ad
946 606 1062 654 belli
1081 613 1270 654 sumtus
1296 605 1424 653 cives
1447 614 1611 669 potest

211 683 325 747 jure
343 700 535 748 cogere,
550 684 645 732 nisi
665 684 749 748 qui
763 685 873 747 jure
890 683 1064 747 punire
1089 698 1201 730 eum
1215 688 1381 746 potest
1403 681 1486 745 qui
1509 698 1610 729 non

217 759 471 808 obedierit.
526 760 719 808 Summo
743 760 910 823 itaque
935 758 1145 823 imperio
1168 764 1376 820 uterque
1397 756 1610 821 gladius

216 842 322 884 tam
345 835 466 883 belli
500 851 648 899 quam
669 835 890 899 justitiae
920 850 980 882 ex
1007 834 1115 897 ipsa
1137 833 1348 881 civitatis
1371 832 1611 881 constitu-

217 911 354 960 tione
373 920 427 960 et
450 911 774 962 essentialiter
796 910 1030 959 adhaeret.

303 993 350 1048 82
388 987 636 1037 Quoniam
673 994 838 1035 autem
862 987 955 1050 jus
988 985 1163 1050 gladssi
1192 985 1317 1033 nihil
1345 985 1480 1033 aliud
1520 991 1609 1042 est,

218 1079 366 1128 quam
378 1065 490 1128 jure
512 1080 671 1128 posse,
697 1081 786 1112 suo
820 1063 1039 1121 arbitrio,
1063 1061 1227 1126 gladio
1250 1061 1356 1116 uti;
1393 1061 1612 1125 sequitur

218 1139 490 1188 arbitrium
514 1140 615 1188 sive
626 1139 876 1203 judicium
909 1138 971 1186 de
994 1149 1131 1186 recto
1156 1138 1261 1201 ejus
1285 1154 1379 1185 usu
1401 1137 1466 1185 ad
1493 1153 1613 1185 eun-

219 1215 332 1265 dem
355 1216 617 1279 pertinere.
689 1215 742 1263 Si
765 1215 896 1263 enim
914 1220 1151 1279 potestas
1163 1213 1440 1276 judicandi
1462 1229 1612 1277 penes

216 1307 371 1340 unum
403 1298 546 1351 esset,
578 1299 629 1339 et
651 1298 868 1356 potestas
892 1289 1190 1353 exsequendi
1212 1306 1362 1353 penes
1386 1289 1613 1348 alterum,

217 1367 341 1416 nihil
365 1368 667 1416 efficeretur:
703 1368 887 1416 frustra
915 1367 1046 1415 enim
1075 1366 1338 1430 judicaret,
1371 1366 1454 1430 qui
1477 1382 1615 1413 man-

219 1443 338 1492 data
361 1444 562 1507 exsequi
588 1460 688 1492 non
706 1451 871 1508 posset
893 1464 905 1498 ;
942 1451 1028 1490 aut
1053 1443 1094 1490 si
1112 1450 1406 1505 exsequatur
1424 1457 1514 1505 per
1533 1442 1614 1504 jus

219 1519 436 1578 alterius,
454 1537 556 1568 non
572 1520 675 1584 ipse
694 1521 774 1584 jus
792 1519 945 1584 gladii
958 1520 1140 1567 habere
1156 1519 1351 1579 dicitur,
1371 1518 1458 1566 sed
1474 1518 1614 1576 alter,

221 1597 361 1660 cujus
385 1595 466 1644 ille
490 1595 717 1646 minister
739 1602 934 1643 tantum
966 1602 1055 1643 est.
1126 1595 1285 1643 Omne
1308 1594 1460 1657 igitur
1470 1593 1614 1656 judi-

222 1672 349 1720 cium
365 1671 416 1719 in
434 1671 643 1719 civitate
661 1679 736 1719 est
758 1671 887 1718 illius
907 1671 987 1734 qui
1001 1669 1212 1735 gladio-s·
1229 1670 1395 1729 habet,
1411 1670 1506 1718 hoc
1525 1675 1614 1728 est,

223 1748 329 1812 ejus
347 1747 486 1811 cujus
508 1753 584 1794 est
603 1746 863 1811 imperium
887 1762 1133 1795 summum.

290 1828 338 1871 9.
376 1823 544 1880 Porro,
581 1839 695 1870 cum
717 1839 819 1870 non
842 1822 1019 1878 minus,
1042 1821 1141 1869 imo
1174 1822 1331 1871 multo
1367 1822 1523 1886 magis
1555 1821 1618 1870 ad

222 1914 398 1963 pacem
421 1898 681 1958 conducat,
706 1898 976 1962 praevenire
999 1914 1062 1946 ne
1081 1898 1202 1947 rixae
1225 1899 1447 1947 oriantur
1471 1915 1618 1963 quam

225 1981 357 2023 ortas
380 1990 690 2038 compescere
710 1993 721 2021 ε
759 1973 1104 2022 controversiae
1127 1982 1295 2022 autem
1319 1991 1488 2023 omnes
1507 1990 1618 2022 nas-

226 2057 403 2099 cantur
444 2066 505 2098 ex
549 2067 624 2109 eo,
664 2050 797 2114 quod
838 2049 1071 2098 differunt
1108 2050 1239 2098 inter
1274 2066 1326 2098 se
1364 2050 1619 2114 opiniones

223 2126 481 2176 hominum
505 2126 567 2174 de
591 2142 694 2173 meo
724 2132 774 2173 et
798 2132 896 2184 tua,
921 2126 1066 2188 justo
1102 2132 1154 2173 et
1187 2126 1389 2190 injustO,
1413 2127 1530 2175 utili
1570 2133 1621 2174 et

226 2201 412 2262 inutili,
431 2201 552 2250 bono
571 2207 622 2249 et
640 2200 788 2261 mal0,
807 2201 1010 2249 honesto
1026 2208 1077 2249 et
1095 2202 1367 2263 inhonest0‚
1386 2210 1437 2252 et
1455 2203 1622 2251 simili-

225 2278 335 2337 bus,
375 2293 485 2341 quae
525 2277 729 2340 quisque
762 2276 961 2340 proprio
997 2277 1210 2326 aestimat
1241 2279 1456 2341 judici03
1494 2281 1621 2343 ejus-

158 2395 162 2398 ,
228 2354 342 2404 dem
379 2354 555 2402 summi
589 2353 783 2419 imperii
806 2360 894 2412 est,
920 2370 1202 2402 communes
1226 2356 1452 2404 omnibus
1486 2355 1623 2403 exhi-

226 2431 345 2480 bere
363 2430 558 2494 regulas
573 2429 674 2478 sive
688 2445 958 2489 mensuraS,
979 2437 1029 2477 et
1043 2431 1236 2494 publice
1260 2447 1340 2480 eas
1357 2432 1623 2491 declarare,

230 2506 406 2571 quibus
419 2506 759 2570 unusquisque
785 2506 908 2554 sciat
931 2506 1050 2569 quid
1073 2523 1224 2567 suum,
1251 2508 1370 2571 quid
1393 2508 1623 2565 alienum,

230 2582 349 2647 quid
375 2583 583 2646 justum,
621 2581 739 2645 quid
774 2582 1022 2644 injustum,
1060 2582 1177 2646 quid
1212 2583 1479 2643 honestum,
1505 2584 1625 2648 quid

230 2658 552 2717 inhonestum,
572 2657 692 2721 quid
718 2657 903 2716 bonum,
934 2657 1054 2720 quid
1076 2658 1255 2706 malum
1278 2660 1623 2723 appellandum

231 2733 310 2793 sit,
324 2733 421 2782 hoc
437 2742 512 2782 est
535 2733 830 2791 summatim,
851 2732 972 2796 quid
997 2734 1246 2799 agendum
1269 2743 1319 2783 et
1343 2736 1625 2802 quidfugz'-

233 2809 407 2858 endum
441 2809 504 2858 sit
540 2809 593 2857 in
631 2809 734 2857 vita
761 2809 1026 2857 communi.
1100 2810 1302 2874 Regulae
1326 2819 1491 2860 autem
1523 2813 1624 2861 sive

232 2900 473 2934 mensurae
512 2885 610 2934 illae
640 2884 806 2933 vocari
830 2884 989 2933 solent
1011 2884 1153 2950 leges
1178 2887 1352 2936 civile-s·
1376 2888 1477 2938 sive
1494 2889 1626 2953 leges

1646 402 1773 435 SECT.
1797 403 1865 436 111.

1741 454 1773 484 6.

1627 997 1646 1026 J
1649 997 1747 1026 udicis
1758 1007 1847 1035 penes

1628 1041 1754 1070 eundem
1767 1051 1836 1070 esse.

1636 1837 1858 1876 Legislationcm

1634 1891 1723 1919 penes
1736 1882 1864 1910 eundem

1635 1935 1706 1954 esse.
