2020 3262
221 388 352 432 secr.
368 389 438 432 111.

252 448 367 497 W130,
382 493 425 506 ,.,,

221 839 262 869 Et
274 841 412 870 sactiones

219 884 381 914 dissolvere.

197 2732 247 2760 Ad
263 2730 441 2768 locupletan-

198 2776 250 2804 dos
282 2775 340 2803 'ves
410 2775 428 2803 d

481 255 578 301 306
1023 264 1325 305 ῙΜΡΕΜΗΜ»

479 377 693 437 sessorlS,
715 373 785 426 ita
814 377 909 427 h'oc
939 380 1245 445 imperatoris
1277 383 1379 445 jam
1409 393 1533 444 pene
1557 381 1746 430 excussi
1768 388 1857 433 est.

479 453 745 518 Loquimu'r
783 462 947 505 autem
981 457 1062 506 hic
1099 457 1159 506 de
1195 458 1254 506 iis
1290 467 1498 522 quorum
1520 457 1788 507 authoritas
1810 464 1860 508 et

478 531 697 595 potentia
718 531 908 595 integra
931 540 1020 582 est.
1056 535 1249 582 Horum
1267 533 1480 582 officium
1503 548 1622 594 esse,
1645 533 1858 599 inquam

479 605 759 655 obedientes
783 608 912 657 cives
934 609 1113 670 fovere,
1136 610 1362 658 factiosos
1386 616 1624 673 quantum
1655 613 1861 674 possunt

479 681 682 746 imperio
715 691 963 746 premere}
998 693 1157 748 neque
1181 685 1311 733 enim
1333 685 1429 734 alio
1459 684 1607 733 modo
1641 681 1863 749 potentia

478 758 687 822 publica,
710 769 802 807 nec
825 760 930 808 sine
954 771 1012 809 ‘ea
1029 760 1207 809 civium
1225 761 1362 825 quies
1385 761 1662 810 conservari
1683 762 1861 825 potest.

551 838 626 883 13.-
663 826 716 883 Si
753 846 869 884 vero
909 836 1139 885 factiosos
1178 837 1397 885 homines
1436 847 1677 896 coercerej
1706 836 1862 885 multo

478 909 632 973 magis
670 903 907 960 factiones
946 912 1075 975 ipsas
1122 903 1385 961 ‘dissolvere
1425 917 1475 960 et
1521 911 1754 976 dissipare
1798 910 1864 960 ad

480 985 691 1034 officium
712 986 925 1054 pertinet
946 987 1305 1052 imperantium.
1348 988 1676 1037 FAcmoNnM
1699 991 1863 1036 autem

478 1072 600 1111 voco
623 1055 987 1113 multitudinem
1022 1064 1201 1113 civium
1239 1064 1318 1113 vel
1346 1063 1522 1129 pactis
1543 1064 1673 1113 iuter
1695 1074 1762 1122 se,
1785 1061 1863 1112 vel

479 1137 623 1185 unius
654 1138 857 1202 alicujus
875 1141 1110 1204 potentia,
1135 1141 1316 1204 absque
1341 1142 1444 1204 ejus
1467 1140 1549 1199 vel
1569 1152 1754 1199 eorum,
1779 1137 1865 1203 qui

480 1229 722 1261 summum
759 1214 1019 1279 imperium
1058 1217 1298 1276 obtinent9
1332 1216 1627 1264 authoritate
1659 1215 1862 1263 unitam.-

479 1289 568 1337 Est
588 1289 754 1352 itaque
758 1290 936 1354 factio
959 1295 1193 1355 tanquam
1211 1292 1381 1341 civitas
1403 1291 1455 1340 in
1481 1291 1692 1340 civitate.
1729 1289 1866 1338 Sicut

479 1356 610 1413 euim
631 1364 810 1412 unione
845 1365 1098 1415 hominum
1119 1367 1172 1415 in
1194 1372 1325 1416 statu
1360 1360 1572 1415 naturali
1600 1367 1658 1414 fit
1680 1365 1865 1424 civitas,

478 1439 549 1487 ita
566 1439 746 1488 civium
766 1439 949 1489 unione
971 1448 1100 1491 nova
1128 1443 1188 1490 fit
1208 1442 1373 1491 factio,
1443 1442 1722 1491 Secundum
1738 1441 1867 1490 hanc

480 1514 828 1575 definitionem,
865 1516 1128 1565 multitudo
1170 1517 1363 1577 civium,
1401 1518 1484 1581 qui
1523 1522 1725 1566 externo
1763 1516 1866 1565 cui-

479 1596 670 1654 cunque
693 1590 795 1658 sive
817 1591 1029 1656 principi
1046 1591 1147 1641 sive
1162 1590 1256 1640 civi
1279 1592 1564 1656 simpliciter
1586 1591 1865 1641 obedituros

479 1682 531 1714 se
555 1666 940 1727 obstrinxerunt,
963 1668 1041 1716 vel
1079 1668 1162 1732 qui
1184 1673 1330 1732 pacta
1352 1675 1438 1717 aut
1461 1658 1622 1717 foedus
1656 1667 1784 1716 inter
1817 1676 1870 1715 se

478 1749 662 1792 mutuae
685 1741 981 1792 defensionis
1005 1750 1178 1792 contra
1201 1750 1368 1792 omnes
1390 1743 1611 1792 hominen
1628 1743 1868 1803 fecerunt,

480 1826 581 1867 non
603 1819 820 1882 exceptis
843 1819 903 1867 iis
927 1819 1012 1883 qui
1035 1831 1274 1868 summam
1295 1823 1588 1883 potestatem
1609 1818 1795 1867 habent
1816 1818 1868 1866 in

479 1894 691 1954 civitate,
711 1894 891 1959 factio
914 1902 1005 1944 esu
1072 1895 1233 1944 Etiam
1257 1896 1417 1959 gratia
1449 1894 1580 1960 apud
1612 1894 1804 1958 plebem
1827 1895 1868 1942 si

477 1976 618 2019 tanta
654 1970 732 2030 sit,
755 1977 812 2018 ut
846 1987 935 2035 per
969 1985 1077 2020 eam
1116 1972 1388 2036 comparari
1424 1971 1664 2038 exercitus
1699 1971 1866 2035 possit,

477 2045 573 2093 nisi
606 2045 855 2093 obsidibus
896 2054 982 2095 aut
1017 2047 1112 2095 alio
1148 2047 1353 2111 pignore
1387 2046 1580 2110 publice·
1621 2051 1865 2106 caveatur,

458 2119 747 2182 factionem
770 2121 1009 2170 eontinet.
1076 2122 1240 2185 Atque
1263 2122 1394 2170 idem
1418 2121 1479 2170 de
1503 2113 1683 2169 divitiis
1704 2121 1866 2184 priva-

480 2195 544 2244 tis
568 2195 830 2244 dicendum
853 2202 942 2257 est,
963 2198 1004 2245 si
1038 2197 1136 2245 sint
1171 2197 1477 2252 immodicae;
1513 2195 1627 2260 quia
1647 2195 1867 2260 pecuniae

481 2270 717 2319 obediunt
747 2271 924 2320 omnia.
995 2271 1244 2335 Siquidem
1281 2288 1398 2336 ergo
1430 2283 1600 2321 verum
1638 2271 1715 2331 sit,
1749 2270 1866 2319 civi-

479 2353 639 2395 tatum
673 2346 801 2395 inter
824 2362 875 2395 se
907 2354 1088 2396 statum
1117 2349 1390 2397 naturalem
1414 2355 1465 2396 et
1495 2346 1721 2396 hostilem
1743 2354 1863 2406 esse,
1954 2393 1958 2395 μ

479 2422 739 2486 principeS,
781 2422 865 2486 qui
900 2422 1162 2472 factionem
1191 2423 1496 2487 permittunt,
1520 2421 1650 2470 idem
1678 2421 1866 2470 faciunt

479 2514 537 2547 ac
574 2498 615 2546 si
653 2498 847 2546 hostem
885 2498 1015 2547 intra
1054 2499 1237 2548 moenia
1274 2499 1574 2563 reciperent:
1622 2496 1754 2560 quod
1791 2503 1865 2546 est

480 2581 653 2622 contra
688 2574 867 2622 civium
902 2575 1123 2635 salutem,
1148 2582 1198 2624 et
1228 2581 1487 2639 propterea
1522 2573 1670 2621 etiam
1693 2579 1866 2621 contra

478 2649 609 2713 leges
631 2651 894 2699 naturales.

550 2731 624 2775 14.
660 2726 740 2774 Ad
768 2727 1133 2790 locupletandos
1163 2728 1291 2776 cives
1319 2725 1589 2775 necessaria
1610 2725 1707 2774 duo
1736 2730 1863 2784 sunt,

450 2793 460 2799 “
479 2799 624 2850 labor
668 2808 719 2851 et
765 2803 1082 2867 parsimonia
1096 2822 1117 2860 ,·
1175 2802 1406 2852 conducit
1451 2801 1599 2851 etiam
1643 2801 1860 2860 tertium,

264 2784 291 2803 οι
354 2783 407 2803 con
430 2784 450 2803 u

198 2810 344 2857 cereleges
353 2819 459 2857 quibus
