<?xml version="1.0" encoding="UTF-8"?>
<!DOCTYPE html PUBLIC "-//W3C//DTD XHTML 1.0 Transitional//EN"
    "http://www.w3.org/TR/xhtml1/DTD/xhtml1-transitional.dtd">
<html xmlns="http://www.w3.org/1999/xhtml" xml:lang="en" lang="en">
 <head>
  <title>
</title>
<meta http-equiv="Content-Type" content="text/html;charset=utf-8" />
  <meta name='ocr-system' content='tesseract 3.04.00' />
  <meta name='ocr-capabilities' content='ocr_page ocr_carea ocr_par ocr_line ocrx_word'/>
</head>
<body>
  <div class='ocr_page' id='page_1' title='image "./operaphilosophic02hobbuoft_0371.png"; bbox 0 0 2020 3262; ppageno 0'>
   <div class='ocr_carea' id='block_1_1' title="bbox 0 0 80 1207">
    <p class='ocr_par' dir='ltr' id='par_1_1' title="bbox 0 0 80 1207">
     <span class='ocr_line' id='line_1_1' title="bbox 0 0 80 1207; baseline 0 0"><span class='ocrx_word' id='word_1_1' title='bbox 0 0 80 1207; x_wconf 95' lang='lat' dir='ltr'> </span> 
     </span>
    </p>
   </div>
   <div class='ocr_carea' id='block_1_2' title="bbox 0 1434 23 2432">
    <p class='ocr_par' dir='ltr' id='par_1_2' title="bbox 0 1434 23 2432">
     <span class='ocr_line' id='line_1_2' title="bbox 0 1434 23 2432; baseline 0 0"><span class='ocrx_word' id='word_1_2' title='bbox 0 1434 23 2432; x_wconf 95' lang='lat' dir='ltr'> </span> 
     </span>
    </p>
   </div>
   <div class='ocr_carea' id='block_1_3' title="bbox 394 250 1604 302">
    <p class='ocr_par' dir='ltr' id='par_1_3' title="bbox 394 250 1604 302">
     <span class='ocr_line' id='line_1_3' title="bbox 394 250 1604 302; baseline -0.003 -3"><span class='ocrx_word' id='word_1_3' title='bbox 394 265 466 298; x_wconf 85' lang='lat' dir='ltr'>DE</span> <span class='ocrx_word' id='word_1_4' title='bbox 493 264 682 299; x_wconf 77' lang='lat' dir='ltr'>REGNo</span> <span class='ocrx_word' id='word_1_5' title='bbox 710 263 806 298; x_wconf 80' lang='lat' dir='ltr'>Dm</span> <span class='ocrx_word' id='word_1_6' title='bbox 832 263 940 296; x_wconf 82' lang='lat' dir='ltr'>PER</span> <span class='ocrx_word' id='word_1_7' title='bbox 965 262 1189 297; x_wconf 83' lang='lat' dir='ltr'>PACTUM</span> <span class='ocrx_word' id='word_1_8' title='bbox 1216 263 1413 297; x_wconf 80' lang='lat' dir='ltr'>VETUS.</span> <span class='ocrx_word' id='word_1_9' title='bbox 1508 250 1604 302; x_wconf 77' lang='lat'>357</span> 
     </span>
    </p>
   </div>
   <div class='ocr_carea' id='block_1_4' title="bbox 209 375 1623 2939">
    <p class='ocr_par' dir='ltr' id='par_1_4' title="bbox 210 375 1607 594">
     <span class='ocr_line' id='line_1_4' title="bbox 212 375 1606 442; baseline -0.003 -16"><span class='ocrx_word' id='word_1_10' title='bbox 212 382 264 425; x_wconf 84' lang='lat' dir='ltr'>et</span> <span class='ocrx_word' id='word_1_11' title='bbox 292 394 424 442; x_wconf 76' lang='lat' dir='ltr'>gens</span> <span class='ocrx_word' id='word_1_12' title='bbox 446 385 652 426; x_wconf 54' lang='lat' dir='ltr'>saneta.</span> <span class='ocrx_word' id='word_1_13' title='bbox 722 376 996 440; x_wconf 84' lang='lat' dir='ltr'>Respondit</span> <span class='ocrx_word' id='word_1_14' title='bbox 1027 382 1193 423; x_wconf 90' lang='lat' dir='ltr'>autem</span> <span class='ocrx_word' id='word_1_15' title='bbox 1217 375 1374 423; x_wconf 91' lang='lat' dir='ltr'>omnis</span> <span class='ocrx_word' id='word_1_16' title='bbox 1396 375 1606 438; x_wconf 91' lang='lat' dir='ltr'>populus</span> 
     </span>
     <span class='ocr_line' id='line_1_5' title="bbox 211 451 1607 517; baseline -0.001 -17"><span class='ocrx_word' id='word_1_17' title='bbox 211 453 357 501; x_wconf 94' lang='lat' dir='ltr'>simul</span> <span class='ocrx_word' id='word_1_18' title='bbox 396 453 541 515; x_wconf 86' lang='lat' dir='ltr'>(vers.</span> <span class='ocrx_word' id='word_1_19' title='bbox 568 455 654 516; x_wconf 85' lang='lat'>8):</span> <span class='ocrx_word' id='word_1_20' title='bbox 691 453 881 501; x_wconf 82' lang='lat' dir='ltr'>Cuncta</span> <span class='ocrx_word' id='word_1_21' title='bbox 917 469 1029 517; x_wconf 69' lang='lat' dir='ltr'>quoe</span> <span class='ocrx_word' id='word_1_22' title='bbox 1062 451 1293 515; x_wconf 74' lang='lat' dir='ltr'><em>loquutus</em></span> <span class='ocrx_word' id='word_1_23' title='bbox 1327 458 1403 498; x_wconf 75' lang='lat' dir='ltr'>est</span> <span class='ocrx_word' id='word_1_24' title='bbox 1434 451 1607 499; x_wconf 83' lang='lat' dir='ltr'><em>Domi-</em></span> 
     </span>
     <span class='ocr_line' id='line_1_6' title="bbox 210 529 598 594; baseline 0.003 -18"><span class='ocrx_word' id='word_1_25' title='bbox 210 545 318 588; x_wconf 74' lang='lat' dir='ltr'>nus,</span> <span class='ocrx_word' id='word_1_26' title='bbox 323 529 598 594; x_wconf 75' lang='lat' dir='ltr'>faciemus.</span> 
     </span>
    </p>

    <p class='ocr_par' dir='ltr' id='par_1_5' title="bbox 209 601 1623 2939">
     <span class='ocr_line' id='line_1_7' title="bbox 280 601 1606 662; baseline -0.003 -9"><span class='ocrx_word' id='word_1_27' title='bbox 280 611 327 653; x_wconf 89' lang='lat'>9.</span> <span class='ocrx_word' id='word_1_28' title='bbox 363 605 422 653; x_wconf 91' lang='lat' dir='ltr'>In</span> <span class='ocrx_word' id='word_1_29' title='bbox 445 605 538 653; x_wconf 92' lang='lat' dir='ltr'>hoc</span> <span class='ocrx_word' id='word_1_30' title='bbox 561 604 744 653; x_wconf 86' lang='lat' dir='ltr'>foedere</span> <span class='ocrx_word' id='word_1_31' title='bbox 769 602 1204 652; x_wconf 88' lang='lat' dir='ltr'>animadvertenda</span> <span class='ocrx_word' id='word_1_32' title='bbox 1227 609 1316 661; x_wconf 84' lang='lat' dir='ltr'>est,</span> <span class='ocrx_word' id='word_1_33' title='bbox 1342 601 1473 650; x_wconf 85' lang='lat' dir='ltr'>inter</span> <span class='ocrx_word' id='word_1_34' title='bbox 1496 603 1606 662; x_wconf 81' lang='lat' dir='ltr'>alia,</span> 
     </span>
     <span class='ocr_line' id='line_1_8' title="bbox 211 679 1609 747; baseline -0.003 -18"><span class='ocrx_word' id='word_1_35' title='bbox 211 681 473 745; x_wconf 86' lang='lat' dir='ltr'>appellatio</span> <span class='ocrx_word' id='word_1_36' title='bbox 501 681 667 747; x_wconf 83' lang='lat' dir='ltr'>regni,</span> <span class='ocrx_word' id='word_1_37' title='bbox 690 697 792 729; x_wconf 93' lang='lat' dir='ltr'>non</span> <span class='ocrx_word' id='word_1_38' title='bbox 826 688 941 728; x_wconf 91' lang='lat' dir='ltr'>ante</span> <span class='ocrx_word' id='word_1_39' title='bbox 974 688 1225 743; x_wconf 90' lang='lat' dir='ltr'>usurpata.</span> <span class='ocrx_word' id='word_1_40' title='bbox 1297 679 1609 742; x_wconf 75' lang='lat' dir='ltr'><strong>Quamquam</strong></span> 
     </span>
     <span class='ocr_line' id='line_1_9' title="bbox 210 757 1610 821; baseline -0.002 -17"><span class='ocrx_word' id='word_1_41' title='bbox 210 757 516 806; x_wconf 88' lang='lat' dir='ltr'>enim-Deus</span> <span class='ocrx_word' id='word_1_42' title='bbox 558 766 609 806; x_wconf 87' lang='lat' dir='ltr'>et</span> <span class='ocrx_word' id='word_1_43' title='bbox 647 773 737 821; x_wconf 91' lang='lat' dir='ltr'>per</span> <span class='ocrx_word' id='word_1_44' title='bbox 770 764 1002 805; x_wconf 85' lang='lat' dir='ltr'>naturam</span> <span class='ocrx_word' id='word_1_45' title='bbox 1040 765 1091 804; x_wconf 89' lang='lat' dir='ltr'>et</span> <span class='ocrx_word' id='word_1_46' title='bbox 1126 772 1214 819; x_wconf 91' lang='lat' dir='ltr'>per</span> <span class='ocrx_word' id='word_1_47' title='bbox 1246 762 1456 820; x_wconf 82' lang='lat' dir='ltr'>paetum</span> <span class='ocrx_word' id='word_1_48' title='bbox 1497 771 1610 802; x_wconf 93' lang='lat' dir='ltr'>cum</span> 
     </span>
     <span class='ocr_line' id='line_1_10' title="bbox 210 830 1610 896; baseline -0.002 -16"><span class='ocrx_word' id='word_1_49' title='bbox 210 833 493 882; x_wconf 88' lang='lat' dir='ltr'>Abrahamo</span> <span class='ocrx_word' id='word_1_50' title='bbox 530 840 658 882; x_wconf 91' lang='lat' dir='ltr'>esset</span> <span class='ocrx_word' id='word_1_51' title='bbox 691 833 910 896; x_wconf 88' lang='lat' dir='ltr'>ipsorum</span> <span class='ocrx_word' id='word_1_52' title='bbox 945 833 1067 889; x_wconf 86' lang='lat' dir='ltr'>Rex,</span> <span class='ocrx_word' id='word_1_53' title='bbox 1092 832 1336 880; x_wconf 86' lang='lat' dir='ltr'>debebant</span> <span class='ocrx_word' id='word_1_54' title='bbox 1363 839 1529 879; x_wconf 89' lang='lat' dir='ltr'>tamen</span> <span class='ocrx_word' id='word_1_55' title='bbox 1565 830 1610 877; x_wconf 88' lang='lat' dir='ltr'>ei</span> 
     </span>
     <span class='ocr_line' id='line_1_11' title="bbox 211 908 1611 970; baseline -0.002 -14"><span class='ocrx_word' id='word_1_56' title='bbox 211 908 543 956; x_wconf 83' lang='lat' dir='ltr'>obedientiam</span> <span class='ocrx_word' id='word_1_57' title='bbox 567 916 617 956; x_wconf 89' lang='lat' dir='ltr'>et</span> <span class='ocrx_word' id='word_1_58' title='bbox 641 908 828 956; x_wconf 92' lang='lat' dir='ltr'>cultum</span> <span class='ocrx_word' id='word_1_59' title='bbox 848 908 1122 955; x_wconf 87' lang='lat' dir='ltr'>naturalem</span> <span class='ocrx_word' id='word_1_60' title='bbox 1139 915 1348 966; x_wconf 90' lang='lat' dir='ltr'>tantum,</span> <span class='ocrx_word' id='word_1_61' title='bbox 1370 914 1611 970; x_wconf 91' lang='lat' dir='ltr'>quatenus</span> 
     </span>
     <span class='ocr_line' id='line_1_12' title="bbox 211 982 1612 1048; baseline -0.002 -15"><span class='ocrx_word' id='word_1_62' title='bbox 211 985 395 1033; x_wconf 88' lang='lat' dir='ltr'>subditi</span> <span class='ocrx_word' id='word_1_63' title='bbox 435 985 614 1048; x_wconf 91' lang='lat' dir='ltr'>ipsius;</span> <span class='ocrx_word' id='word_1_64' title='bbox 663 984 947 1047; x_wconf 84' lang='lat' dir='ltr'>religiosum</span> <span class='ocrx_word' id='word_1_65' title='bbox 984 999 1116 1043; x_wconf 82' lang='lat' dir='ltr'>vero,</span> <span class='ocrx_word' id='word_1_66' title='bbox 1161 984 1356 1047; x_wconf 88' lang='lat' dir='ltr'>qualem</span> <span class='ocrx_word' id='word_1_67' title='bbox 1392 982 1612 1031; x_wconf 90' lang='lat' dir='ltr'>instituit</span> 
     </span>
     <span class='ocr_line' id='line_1_13' title="bbox 210 1059 1612 1124; baseline -0.002 -15"><span class='ocrx_word' id='word_1_68' title='bbox 210 1060 537 1119; x_wconf 48' lang='lat' dir='ltr'>Abrahamus.</span> <span class='ocrx_word' id='word_1_69' title='bbox 563 1069 805 1124; x_wconf 88' lang='lat' dir='ltr'>quatenus</span> <span class='ocrx_word' id='word_1_70' title='bbox 831 1059 1013 1107; x_wconf 86' lang='lat' dir='ltr'>subditi</span> <span class='ocrx_word' id='word_1_71' title='bbox 1036 1060 1320 1119; x_wconf 84' lang='lat' dir='ltr'>Abrahami,</span> <span class='ocrx_word' id='word_1_72' title='bbox 1345 1059 1516 1118; x_wconf 85' lang='lat' dir='ltr'>Isaaci,</span> <span class='ocrx_word' id='word_1_73' title='bbox 1534 1060 1612 1107; x_wconf 88' lang='lat' dir='ltr'>vel</span> 
     </span>
     <span class='ocr_line' id='line_1_14' title="bbox 209 1135 1612 1200; baseline -0.001 -14"><span class='ocrx_word' id='word_1_74' title='bbox 209 1137 398 1197; x_wconf 84' lang='lat' dir='ltr'>Jacobi,</span> <span class='ocrx_word' id='word_1_75' title='bbox 424 1153 623 1185; x_wconf 89' lang='lat' dir='ltr'>suorum</span> <span class='ocrx_word' id='word_1_76' title='bbox 656 1135 936 1199; x_wconf 84' lang='lat' dir='ltr'>principum</span> <span class='ocrx_word' id='word_1_77' title='bbox 960 1136 1273 1184; x_wconf 85' lang='lat' dir='ltr'>naturalium.</span> <span class='ocrx_word' id='word_1_78' title='bbox 1344 1137 1446 1200; x_wconf 90' lang='lat' dir='ltr'>Ipsi</span> <span class='ocrx_word' id='word_1_79' title='bbox 1481 1138 1612 1186; x_wconf 91' lang='lat' dir='ltr'>enim</span> 
     </span>
     <span class='ocr_line' id='line_1_15' title="bbox 210 1213 1614 1276; baseline 0 -14"><span class='ocrx_word' id='word_1_80' title='bbox 210 1213 409 1262; x_wconf 85' lang='lat' dir='ltr'>verbum</span> <span class='ocrx_word' id='word_1_81' title='bbox 436 1213 540 1261; x_wconf 90' lang='lat' dir='ltr'>Dei</span> <span class='ocrx_word' id='word_1_82' title='bbox 562 1213 751 1260; x_wconf 92' lang='lat' dir='ltr'>nullum</span> <span class='ocrx_word' id='word_1_83' title='bbox 783 1220 1076 1275; x_wconf 84' lang='lat' dir='ltr'>acceperant</span> <span class='ocrx_word' id='word_1_84' title='bbox 1109 1221 1291 1276; x_wconf 80' lang='lat' dir='ltr'>praeter</span> <span class='ocrx_word' id='word_1_85' title='bbox 1318 1213 1442 1261; x_wconf 92' lang='lat' dir='ltr'>illud</span> <span class='ocrx_word' id='word_1_86' title='bbox 1468 1222 1614 1262; x_wconf 89' lang='lat' dir='ltr'>natu-</span> 
     </span>
     <span class='ocr_line' id='line_1_16' title="bbox 210 1287 1614 1354; baseline 0 -16"><span class='ocrx_word' id='word_1_87' title='bbox 210 1290 313 1338; x_wconf 88' lang='lat' dir='ltr'>rale</span> <span class='ocrx_word' id='word_1_88' title='bbox 343 1290 547 1338; x_wconf 87' lang='lat' dir='ltr'>verbum</span> <span class='ocrx_word' id='word_1_89' title='bbox 588 1295 737 1336; x_wconf 84' lang='lat' dir='ltr'>rectae</span> <span class='ocrx_word' id='word_1_90' title='bbox 778 1287 1013 1343; x_wconf 84' lang='lat' dir='ltr'>rationis3</span> <span class='ocrx_word' id='word_1_91' title='bbox 1051 1304 1211 1351; x_wconf 89' lang='lat' dir='ltr'>neque</span> <span class='ocrx_word' id='word_1_92' title='bbox 1239 1296 1449 1354; x_wconf 83' lang='lat' dir='ltr'>paetum</span> <span class='ocrx_word' id='word_1_93' title='bbox 1482 1291 1614 1338; x_wconf 87' lang='lat' dir='ltr'>inter</span> 
     </span>
     <span class='ocr_line' id='line_1_17' title="bbox 210 1364 1612 1430; baseline 0.001 -17"><span class='ocrx_word' id='word_1_94' title='bbox 210 1365 371 1414; x_wconf 92' lang='lat' dir='ltr'>Deum</span> <span class='ocrx_word' id='word_1_95' title='bbox 403 1371 454 1413; x_wconf 89' lang='lat' dir='ltr'>et</span> <span class='ocrx_word' id='word_1_96' title='bbox 483 1365 615 1429; x_wconf 89' lang='lat' dir='ltr'>ipsos</span> <span class='ocrx_word' id='word_1_97' title='bbox 648 1364 805 1412; x_wconf 90' lang='lat' dir='ltr'>ullum</span> <span class='ocrx_word' id='word_1_98' title='bbox 846 1364 1208 1424; x_wconf 82' lang='lat' dir='ltr'>intercesserat,</span> <span class='ocrx_word' id='word_1_99' title='bbox 1243 1366 1338 1413; x_wconf 91' lang='lat' dir='ltr'>nisi</span> <span class='ocrx_word' id='word_1_100' title='bbox 1371 1373 1612 1430; x_wconf 89' lang='lat' dir='ltr'>quatenus</span> 
     </span>
     <span class='ocr_line' id='line_1_18' title="bbox 209 1439 1613 1491; baseline 0.001 -1"><span class='ocrx_word' id='word_1_101' title='bbox 209 1442 488 1490; x_wconf 88' lang='lat' dir='ltr'>voluntates</span> <span class='ocrx_word' id='word_1_102' title='bbox 512 1456 684 1489; x_wconf 91' lang='lat' dir='ltr'>eorum</span> <span class='ocrx_word' id='word_1_103' title='bbox 707 1439 1078 1488; x_wconf 86' lang='lat' dir='ltr'>includerentur</span> <span class='ocrx_word' id='word_1_104' title='bbox 1101 1440 1153 1488; x_wconf 92' lang='lat' dir='ltr'>in</span> <span class='ocrx_word' id='word_1_105' title='bbox 1175 1441 1431 1490; x_wconf 88' lang='lat' dir='ltr'>voluntate</span> <span class='ocrx_word' id='word_1_106' title='bbox 1455 1443 1613 1491; x_wconf 89' lang='lat' dir='ltr'>Abra-</span> 
     </span>
     <span class='ocr_line' id='line_1_19' title="bbox 210 1517 1614 1582; baseline 0.002 -17"><span class='ocrx_word' id='word_1_107' title='bbox 210 1517 360 1577; x_wconf 87' lang='lat' dir='ltr'>hami,</span> <span class='ocrx_word' id='word_1_108' title='bbox 383 1525 440 1565; x_wconf 93' lang='lat' dir='ltr'>ut</span> <span class='ocrx_word' id='word_1_109' title='bbox 462 1517 701 1581; x_wconf 88' lang='lat' dir='ltr'>principis</span> <span class='ocrx_word' id='word_1_110' title='bbox 726 1517 814 1564; x_wconf 77' lang='lat' dir='ltr'>sui.</span> <span class='ocrx_word' id='word_1_111' title='bbox 884 1517 914 1564; x_wconf 89' lang='lat' dir='ltr'><strong>J</strong></span> <span class='ocrx_word' id='word_1_112' title='bbox 918 1533 998 1564; x_wconf 91' lang='lat' dir='ltr'>am</span> <span class='ocrx_word' id='word_1_113' title='bbox 1026 1533 1144 1565; x_wconf 88' lang='lat' dir='ltr'>vero</span> <span class='ocrx_word' id='word_1_114' title='bbox 1176 1534 1265 1581; x_wconf 89' lang='lat' dir='ltr'>per</span> <span class='ocrx_word' id='word_1_115' title='bbox 1295 1526 1497 1582; x_wconf 90' lang='lat' dir='ltr'>pactum</span> <span class='ocrx_word' id='word_1_116' title='bbox 1520 1520 1614 1567; x_wconf 86' lang='lat' dir='ltr'>ini-</span> 
     </span>
     <span class='ocr_line' id='line_1_20' title="bbox 209 1593 1614 1659; baseline 0.001 -17"><span class='ocrx_word' id='word_1_117' title='bbox 209 1602 318 1642; x_wconf 92' lang='lat' dir='ltr'>tum</span> <span class='ocrx_word' id='word_1_118' title='bbox 340 1593 406 1642; x_wconf 93' lang='lat' dir='ltr'>ad</span> <span class='ocrx_word' id='word_1_119' title='bbox 428 1601 645 1641; x_wconf 90' lang='lat' dir='ltr'>montem</span> <span class='ocrx_word' id='word_1_120' title='bbox 672 1593 823 1651; x_wconf 84' lang='lat' dir='ltr'>Sinai,</span> <span class='ocrx_word' id='word_1_121' title='bbox 844 1608 1086 1640; x_wconf 88' lang='lat' dir='ltr'>consensu</span> <span class='ocrx_word' id='word_1_122' title='bbox 1102 1594 1273 1643; x_wconf 87' lang='lat' dir='ltr'>habito</span> <span class='ocrx_word' id='word_1_123' title='bbox 1293 1595 1614 1659; x_wconf 83' lang='lat' dir='ltr'>singulorum,</span> 
     </span>
     <span class='ocr_line' id='line_1_21' title="bbox 209 1669 1616 1735; baseline 0.001 -17"><span class='ocrx_word' id='word_1_124' title='bbox 209 1671 269 1718; x_wconf 93' lang='lat' dir='ltr'>fit</span> <span class='ocrx_word' id='word_1_125' title='bbox 301 1686 511 1735; x_wconf 86' lang='lat' dir='ltr'>regnum</span> <span class='ocrx_word' id='word_1_126' title='bbox 544 1669 648 1717; x_wconf 88' lang='lat' dir='ltr'>Dei</span> <span class='ocrx_word' id='word_1_127' title='bbox 685 1685 831 1732; x_wconf 90' lang='lat' dir='ltr'>super</span> <span class='ocrx_word' id='word_1_128' title='bbox 873 1685 956 1716; x_wconf 90' lang='lat' dir='ltr'>eos</span> <span class='ocrx_word' id='word_1_129' title='bbox 998 1669 1338 1718; x_wconf 77' lang='lat' dir='ltr'>institutivum.</span> <span class='ocrx_word' id='word_1_130' title='bbox 1408 1672 1486 1719; x_wconf 92' lang='lat' dir='ltr'>Ab</span> <span class='ocrx_word' id='word_1_131' title='bbox 1521 1671 1616 1719; x_wconf 91' lang='lat' dir='ltr'>hoc</span> 
     </span>
     <span class='ocr_line' id='line_1_22' title="bbox 210 1745 1617 1810; baseline 0.001 -16"><span class='ocrx_word' id='word_1_132' title='bbox 210 1754 433 1810; x_wconf 90' lang='lat' dir='ltr'>tempore</span> <span class='ocrx_word' id='word_1_133' title='bbox 456 1745 655 1793; x_wconf 90' lang='lat' dir='ltr'>initium</span> <span class='ocrx_word' id='word_1_134' title='bbox 676 1745 827 1792; x_wconf 89' lang='lat' dir='ltr'>habet</span> <span class='ocrx_word' id='word_1_135' title='bbox 845 1745 1215 1793; x_wconf 89' lang='lat' dir='ltr'>celeberrimum</span> <span class='ocrx_word' id='word_1_136' title='bbox 1242 1747 1365 1794; x_wconf 89' lang='lat' dir='ltr'>illud</span> <span class='ocrx_word' id='word_1_137' title='bbox 1384 1747 1435 1795; x_wconf 91' lang='lat' dir='ltr'>in</span> <span class='ocrx_word' id='word_1_138' title='bbox 1452 1747 1617 1810; x_wconf 86' lang='lat' dir='ltr'>Scrip-</span> 
     </span>
     <span class='ocr_line' id='line_1_23' title="bbox 211 1821 1617 1888; baseline 0.001 -18"><span class='ocrx_word' id='word_1_139' title='bbox 211 1823 338 1871; x_wconf 90' lang='lat' dir='ltr'>turis</span> <span class='ocrx_word' id='word_1_140' title='bbox 371 1822 533 1870; x_wconf 87' lang='lat' dir='ltr'>Sacris</span> <span class='ocrx_word' id='word_1_141' title='bbox 564 1830 615 1869; x_wconf 92' lang='lat' dir='ltr'>et</span> <span class='ocrx_word' id='word_1_142' title='bbox 647 1821 840 1885; x_wconf 89' lang='lat' dir='ltr'>scriptis</span> <span class='ocrx_word' id='word_1_143' title='bbox 864 1822 1205 1885; x_wconf 85' lang='lat' dir='ltr'>theologorum</span> <span class='ocrx_word' id='word_1_144' title='bbox 1237 1839 1445 1888; x_wconf 80' lang='lat' dir='ltr'>regnum</span> <span class='ocrx_word' id='word_1_145' title='bbox 1481 1823 1584 1870; x_wconf 87' lang='lat' dir='ltr'>Dei</span> <span class='ocrx_word' id='word_1_146' title='bbox 1599 1841 1617 1871; x_wconf 92' lang='lat'>.·</span> 
     </span>
     <span class='ocr_line' id='line_1_24' title="bbox 212 1897 1618 1963; baseline 0 -16"><span class='ocrx_word' id='word_1_147' title='bbox 212 1906 362 1963; x_wconf 84' lang='lat' dir='ltr'>atque</span> <span class='ocrx_word' id='word_1_148' title='bbox 375 1899 473 1946; x_wconf 92' lang='lat' dir='ltr'>huc</span> <span class='ocrx_word' id='word_1_149' title='bbox 491 1904 694 1961; x_wconf 86' lang='lat' dir='ltr'>spectat,</span> <span class='ocrx_word' id='word_1_150' title='bbox 717 1897 850 1961; x_wconf 93' lang='lat' dir='ltr'>quod</span> <span class='ocrx_word' id='word_1_151' title='bbox 869 1914 981 1945; x_wconf 92' lang='lat' dir='ltr'>cum</span> <span class='ocrx_word' id='word_1_152' title='bbox 1001 1898 1236 1946; x_wconf 85' lang='lat' dir='ltr'>Israelitae</span> <span class='ocrx_word' id='word_1_153' title='bbox 1254 1915 1421 1963; x_wconf 85' lang='lat' dir='ltr'>regem</span> <span class='ocrx_word' id='word_1_154' title='bbox 1446 1915 1618 1963; x_wconf 87' lang='lat' dir='ltr'>expos-</span> 
     </span>
     <span class='ocr_line' id='line_1_25' title="bbox 213 1973 1619 2038; baseline 0 -14"><span class='ocrx_word' id='word_1_155' title='bbox 213 1982 398 2034; x_wconf 72' lang='lat' dir='ltr'>cerem,</span> <span class='ocrx_word' id='word_1_156' title='bbox 425 1974 548 2022; x_wconf 83' lang='lat' dir='ltr'>dixit</span> <span class='ocrx_word' id='word_1_157' title='bbox 563 1975 694 2022; x_wconf 87' lang='lat' dir='ltr'>Deus</span> <span class='ocrx_word' id='word_1_158' title='bbox 714 1974 928 2022; x_wconf 86' lang='lat' dir='ltr'>Samueli</span> <span class='ocrx_word' id='word_1_159' title='bbox 957 1973 1002 2035; x_wconf 95' lang='lat' dir='ltr'>(l</span> <span class='ocrx_word' id='word_1_160' title='bbox 1027 1974 1157 2022; x_wconf 86' lang='lat' dir='ltr'>Sam.</span> <span class='ocrx_word' id='word_1_161' title='bbox 1181 1975 1282 2023; x_wconf 89' lang='lat' dir='ltr'>viii.</span> <span class='ocrx_word' id='word_1_162' title='bbox 1302 1977 1352 2038; x_wconf 87' lang='grc'>7)</span> <span class='ocrx_word' id='word_1_163' title='bbox 1378 1995 1389 2023; x_wconf 88' lang='lat'>:</span> <span class='ocrx_word' id='word_1_164' title='bbox 1427 1976 1543 2024; x_wconf 93' lang='lat' dir='ltr'>Non</span> <span class='ocrx_word' id='word_1_165' title='bbox 1569 1983 1619 2024; x_wconf 83' lang='lat' dir='ltr'>te</span> 
     </span>
     <span class='ocr_line' id='line_1_26' title="bbox 213 2050 1620 2116; baseline 0 -16"><span class='ocrx_word' id='word_1_166' title='bbox 213 2051 520 2114; x_wconf 82' lang='lat' dir='ltr'>abjecerunt,</span> <span class='ocrx_word' id='word_1_167' title='bbox 539 2050 635 2098; x_wconf 72' lang='lat' dir='ltr'>sed</span> <span class='ocrx_word' id='word_1_168' title='bbox 654 2067 743 2108; x_wconf 89' lang='lat' dir='ltr'>me,</span> <span class='ocrx_word' id='word_1_169' title='bbox 769 2067 831 2098; x_wconf 89' lang='lat' dir='ltr'>ne</span> <span class='ocrx_word' id='word_1_170' title='bbox 853 2066 1058 2114; x_wconf 79' lang='lat' dir='ltr'>regnem</span> <span class='ocrx_word' id='word_1_171' title='bbox 1081 2067 1236 2115; x_wconf 74' lang='lat' dir='ltr'>super</span> <span class='ocrx_word' id='word_1_172' title='bbox 1254 2068 1338 2099; x_wconf 78' lang='lat' dir='ltr'>eos</span> <span class='ocrx_word' id='word_1_173' title='bbox 1354 2071 1371 2100; x_wconf 91' lang='lat'>.·</span> <span class='ocrx_word' id='word_1_174' title='bbox 1412 2059 1463 2100; x_wconf 91' lang='lat' dir='ltr'>et</span> <span class='ocrx_word' id='word_1_175' title='bbox 1487 2052 1620 2116; x_wconf 94' lang='lat' dir='ltr'>quod</span> 
     </span>
     <span class='ocr_line' id='line_1_27' title="bbox 214 2126 1619 2190; baseline 0 -14"><span class='ocrx_word' id='word_1_176' title='bbox 214 2128 340 2176; x_wconf 88' lang='lat' dir='ltr'>dixit</span> <span class='ocrx_word' id='word_1_177' title='bbox 356 2126 553 2175; x_wconf 86' lang='lat' dir='ltr'>Samuel</span> <span class='ocrx_word' id='word_1_178' title='bbox 571 2126 806 2174; x_wconf 89' lang='lat' dir='ltr'>Israelitis</span> <span class='ocrx_word' id='word_1_179' title='bbox 827 2126 872 2188; x_wconf 88' lang='lat'>(1</span> <span class='ocrx_word' id='word_1_180' title='bbox 889 2127 1112 2174; x_wconf 84' lang='lat' dir='ltr'>Sam.xii.</span> <span class='ocrx_word' id='word_1_181' title='bbox 1130 2129 1209 2190; x_wconf 86' lang='lat'>12)</span> <span class='ocrx_word' id='word_1_182' title='bbox 1225 2147 1235 2175; x_wconf 92' lang='lat'>:</span> <span class='ocrx_word' id='word_1_183' title='bbox 1261 2128 1504 2188; x_wconf 73' lang='lat' dir='ltr'>Dixistis,</span> <span class='ocrx_word' id='word_1_184' title='bbox 1525 2145 1619 2177; x_wconf 79' lang='lat' dir='ltr'>reoe</span> 
     </span>
     <span class='ocr_line' id='line_1_28' title="bbox 214 2201 1621 2270; baseline 0.001 -18"><span class='ocrx_word' id='word_1_185' title='bbox 214 2202 487 2269; x_wconf 75' lang='lat' dir='ltr'>imperabit</span> <span class='ocrx_word' id='word_1_186' title='bbox 504 2201 660 2260; x_wconf 74' lang='lat' dir='ltr'>nobis,</span> <span class='ocrx_word' id='word_1_187' title='bbox 671 2218 777 2249; x_wconf 83' lang='lat' dir='ltr'>eum</span> <span class='ocrx_word' id='word_1_188' title='bbox 787 2202 1027 2249; x_wconf 72' lang='lat' dir='ltr'>Dominus</span> <span class='ocrx_word' id='word_1_189' title='bbox 1037 2202 1179 2250; x_wconf 76' lang='lat' dir='ltr'>Deus</span> <span class='ocrx_word' id='word_1_190' title='bbox 1194 2211 1359 2252; x_wconf 73' lang='lat' dir='ltr'>vester</span> <span class='ocrx_word' id='word_1_191' title='bbox 1374 2211 1621 2270; x_wconf 77' lang='lat' dir='ltr'>regnaret</span> 
     </span>
     <span class='ocr_line' id='line_1_29' title="bbox 214 2277 1619 2343; baseline 0.001 -15"><span class='ocrx_word' id='word_1_192' title='bbox 214 2280 266 2328; x_wconf 88' lang='lat' dir='ltr'>in</span> <span class='ocrx_word' id='word_1_193' title='bbox 281 2279 445 2334; x_wconf 54' lang='lat' dir='ltr'>vobim</span> <span class='ocrx_word' id='word_1_194' title='bbox 472 2286 523 2326; x_wconf 89' lang='lat' dir='ltr'>et</span> <span class='ocrx_word' id='word_1_195' title='bbox 539 2277 672 2341; x_wconf 93' lang='lat' dir='ltr'>quod</span> <span class='ocrx_word' id='word_1_196' title='bbox 691 2277 869 2325; x_wconf 89' lang='lat' dir='ltr'>dicitur</span> <span class='ocrx_word' id='word_1_197' title='bbox 889 2277 936 2339; x_wconf 86' lang='lat' dir='ltr'>(J</span> <span class='ocrx_word' id='word_1_198' title='bbox 943 2280 1231 2328; x_wconf 88' lang='lat' dir='ltr'>erem.xxxi.</span> <span class='ocrx_word' id='word_1_199' title='bbox 1243 2281 1328 2343; x_wconf 86' lang='lat'>32)</span> <span class='ocrx_word' id='word_1_200' title='bbox 1344 2300 1355 2328; x_wconf 77' lang='lat' dir='ltr'>z</span> <span class='ocrx_word' id='word_1_201' title='bbox 1392 2280 1619 2340; x_wconf 84' lang='lat' dir='ltr'>Pactum,</span> 
     </span>
     <span class='ocr_line' id='line_1_30' title="bbox 214 2354 1623 2423; baseline 0 -20"><span class='ocrx_word' id='word_1_202' title='bbox 214 2355 353 2421; x_wconf 80' lang='lat' dir='ltr'>quod</span> <span class='ocrx_word' id='word_1_203' title='bbox 374 2354 563 2419; x_wconf 78' lang='lat' dir='ltr'>pepigi</span> <span class='ocrx_word' id='word_1_204' title='bbox 595 2371 701 2401; x_wconf 85' lang='lat' dir='ltr'>cum</span> <span class='ocrx_word' id='word_1_205' title='bbox 723 2354 969 2419; x_wconf 70' lang='lat' dir='ltr'>patribus</span> <span class='ocrx_word' id='word_1_206' title='bbox 997 2371 1165 2403; x_wconf 88' lang='lat' dir='ltr'>eorum</span> <span class='ocrx_word' id='word_1_207' title='bbox 1189 2363 1302 2405; x_wconf 74' lang='lat' dir='ltr'>ete„-</span> <span class='ocrx_word' id='word_1_208' title='bbox 1339 2364 1390 2405; x_wconf 84' lang='lat' dir='ltr'>et</span> <span class='ocrx_word' id='word_1_209' title='bbox 1413 2374 1508 2423; x_wconf 84' lang='lat' dir='ltr'>ego</span> <span class='ocrx_word' id='word_1_210' title='bbox 1534 2357 1623 2405; x_wconf 85' lang='lat' dir='ltr'>do-</span> 
     </span>
     <span class='ocr_line' id='line_1_31' title="bbox 215 2431 1623 2494; baseline 0.001 -14"><span class='ocrx_word' id='word_1_211' title='bbox 215 2431 431 2480; x_wconf 73' lang='lat' dir='ltr'>minatus</span> <span class='ocrx_word' id='word_1_212' title='bbox 463 2447 569 2478; x_wconf 75' lang='lat' dir='ltr'>Sum</span> <span class='ocrx_word' id='word_1_213' title='bbox 599 2446 766 2477; x_wconf 88' lang='lat' dir='ltr'>eorum</span> <span class='ocrx_word' id='word_1_214' title='bbox 784 2449 803 2485; x_wconf 89' lang='lat'>,·</span> <span class='ocrx_word' id='word_1_215' title='bbox 838 2437 986 2494; x_wconf 89' lang='lat' dir='ltr'>atque</span> <span class='ocrx_word' id='word_1_216' title='bbox 1024 2432 1172 2480; x_wconf 91' lang='lat' dir='ltr'>etiam</span> <span class='ocrx_word' id='word_1_217' title='bbox 1213 2433 1442 2482; x_wconf 91' lang='lat' dir='ltr'>doctrina</span> <span class='ocrx_word' id='word_1_218' title='bbox 1479 2433 1623 2481; x_wconf 88' lang='lat' dir='ltr'>Judae</span> 
     </span>
     <span class='ocr_line' id='line_1_32' title="bbox 215 2506 1621 2572; baseline 0.001 -16"><span class='ocrx_word' id='word_1_219' title='bbox 215 2507 420 2566; x_wconf 82' lang='lat' dir='ltr'>Galilaei,</span> <span class='ocrx_word' id='word_1_220' title='bbox 445 2507 584 2570; x_wconf 86' lang='lat' dir='ltr'>cujus</span> <span class='ocrx_word' id='word_1_221' title='bbox 608 2506 792 2554; x_wconf 91' lang='lat' dir='ltr'>mentio</span> <span class='ocrx_word' id='word_1_222' title='bbox 817 2507 874 2553; x_wconf 85' lang='lat' dir='ltr'>fit</span> <span class='ocrx_word' id='word_1_223' title='bbox 893 2507 1025 2570; x_wconf 91' lang='lat' dir='ltr'>apud</span> <span class='ocrx_word' id='word_1_224' title='bbox 1047 2508 1075 2555; x_wconf 93' lang='lat' dir='ltr'><strong>J</strong></span> <span class='ocrx_word' id='word_1_225' title='bbox 1080 2509 1319 2572; x_wconf 89' lang='lat' dir='ltr'>osephum</span> <span class='ocrx_word' id='word_1_226' title='bbox 1346 2509 1483 2571; x_wconf 91' lang='lat' dir='ltr'>(Ant.</span> <span class='ocrx_word' id='word_1_227' title='bbox 1505 2510 1534 2558; x_wconf 89' lang='lat' dir='ltr'><strong>J</strong></span> <span class='ocrx_word' id='word_1_228' title='bbox 1539 2510 1621 2557; x_wconf 92' lang='lat' dir='ltr'>ud.</span> 
     </span>
     <span class='ocr_line' id='line_1_33' title="bbox 214 2582 1623 2646; baseline 0.002 -15"><span class='ocrx_word' id='word_1_229' title='bbox 214 2583 299 2631; x_wconf 93' lang='lat' dir='ltr'>lib.</span> <span class='ocrx_word' id='word_1_230' title='bbox 314 2582 448 2631; x_wconf 89' lang='lat' dir='ltr'>xviii.</span> <span class='ocrx_word' id='word_1_231' title='bbox 466 2598 573 2646; x_wconf 89' lang='lat' dir='ltr'>cap.</span> <span class='ocrx_word' id='word_1_232' title='bbox 595 2583 646 2644; x_wconf 81' lang='lat'>2)</span> <span class='ocrx_word' id='word_1_233' title='bbox 665 2582 742 2630; x_wconf 90' lang='lat' dir='ltr'>his</span> <span class='ocrx_word' id='word_1_234' title='bbox 760 2583 949 2630; x_wconf 88' lang='lat' dir='ltr'>verbis:</span> <span class='ocrx_word' id='word_1_235' title='bbox 991 2583 1199 2639; x_wconf 80' lang='lat' dir='ltr'>Quartoe</span> <span class='ocrx_word' id='word_1_236' title='bbox 1219 2592 1382 2633; x_wconf 81' lang='lat' dir='ltr'>autem</span> <span class='ocrx_word' id='word_1_237' title='bbox 1405 2586 1623 2634; x_wconf 72' lang='lat' dir='ltr'>studium</span> 
     </span>
     <span class='ocr_line' id='line_1_34' title="bbox 216 2658 1622 2726; baseline 0.003 -20"><span class='ocrx_word' id='word_1_238' title='bbox 216 2658 483 2724; x_wconf 75' lang='lat' dir='ltr'>sapientice</span> <span class='ocrx_word' id='word_1_239' title='bbox 501 2658 800 2706; x_wconf 70' lang='lat' dir='ltr'>sectantium</span> <span class='ocrx_word' id='word_1_240' title='bbox 818 2658 910 2705; x_wconf 80' lang='lat' dir='ltr'>vioe</span> <span class='ocrx_word' id='word_1_241' title='bbox 919 2659 1119 2723; x_wconf 73' lang='lat' dir='ltr'>primus</span> <span class='ocrx_word' id='word_1_242' title='bbox 1140 2661 1321 2708; x_wconf 76' lang='lat' dir='ltr'>author</span> <span class='ocrx_word' id='word_1_243' title='bbox 1320 2661 1440 2726; x_wconf 78' lang='lat' dir='ltr'>ficit</span> <span class='ocrx_word' id='word_1_244' title='bbox 1457 2661 1622 2710; x_wconf 74' lang='lat' dir='ltr'>Judas</span> 
     </span>
     <span class='ocr_line' id='line_1_35' title="bbox 224 2734 1620 2796; baseline 0.004 -14"><span class='ocrx_word' id='word_1_245' title='bbox 224 2734 484 2783; x_wconf 74' lang='lat' dir='ltr'>Galiloeus.</span> <span class='ocrx_word' id='word_1_246' title='bbox 555 2734 634 2782; x_wconf 85' lang='lat' dir='ltr'>Hi</span> <span class='ocrx_word' id='word_1_247' title='bbox 654 2741 844 2782; x_wconf 78' lang='lat' dir='ltr'>ecetera</span> <span class='ocrx_word' id='word_1_248' title='bbox 869 2751 976 2782; x_wconf 84' lang='lat' dir='ltr'>eum</span> <span class='ocrx_word' id='word_1_249' title='bbox 999 2735 1277 2785; x_wconf 72' lang='lat' dir='ltr'>Pharisceis</span> <span class='ocrx_word' id='word_1_250' title='bbox 1296 2738 1620 2796; x_wconf 73' lang='lat' dir='ltr'>consentiunt,</span> 
     </span>
     <span class='ocr_line' id='line_1_36' title="bbox 218 2810 1622 2879; baseline 0.003 -21"><span class='ocrx_word' id='word_1_251' title='bbox 218 2810 316 2858; x_wconf 74' lang='lat' dir='ltr'>nisi</span> <span class='ocrx_word' id='word_1_252' title='bbox 333 2810 469 2875; x_wconf 84' lang='lat' dir='ltr'>quod</span> <span class='ocrx_word' id='word_1_253' title='bbox 481 2811 879 2859; x_wconf 71' lang='lat' dir='ltr'>constantissimo</span> <span class='ocrx_word' id='word_1_254' title='bbox 905 2811 1161 2866; x_wconf 71' lang='lat' dir='ltr'>libertatis</span> <span class='ocrx_word' id='word_1_255' title='bbox 1185 2830 1353 2861; x_wconf 86' lang='lat' dir='ltr'>amore</span> <span class='ocrx_word' id='word_1_256' title='bbox 1359 2814 1622 2879; x_wconf 82' lang='lat' dir='ltr'>flagrant,</span> 
     </span>
     <span class='ocr_line' id='line_1_37' title="bbox 220 2885 1623 2939; baseline 0.004 -6"><span class='ocrx_word' id='word_1_257' title='bbox 220 2885 483 2935; x_wconf 76' lang='lat' dir='ltr'>credentes</span> <span class='ocrx_word' id='word_1_258' title='bbox 525 2886 684 2934; x_wconf 72' lang='lat' dir='ltr'>solum</span> <span class='ocrx_word' id='word_1_259' title='bbox 726 2887 887 2935; x_wconf 91' lang='lat' dir='ltr'>Deum</span> <span class='ocrx_word' id='word_1_260' title='bbox 933 2888 1194 2937; x_wconf 87' lang='lat' dir='ltr'>Dominum</span> <span class='ocrx_word' id='word_1_261' title='bbox 1241 2889 1516 2939; x_wconf 75' lang='lat' dir='ltr'>habendum</span> <span class='ocrx_word' id='word_1_262' title='bbox 1562 2908 1623 2939; x_wconf 85' lang='lat' dir='ltr'>ae</span> 
     </span>
    </p>
   </div>
   <div class='ocr_carea' id='block_1_5' title="bbox 1655 396 1876 431">
    <p class='ocr_par' dir='ltr' id='par_1_6' title="bbox 1655 396 1876 431">
     <span class='ocr_line' id='line_1_38' title="bbox 1655 396 1876 431; baseline 0.009 -3"><span class='ocrx_word' id='word_1_263' title='bbox 1655 396 1785 428; x_wconf 83' lang='lat' dir='ltr'>SECT.</span> <span class='ocrx_word' id='word_1_264' title='bbox 1806 396 1876 431; x_wconf 88' lang='lat'>111.</span> 
     </span>
    </p>
   </div>
   <div class='ocr_carea' id='block_1_6' title="bbox 1660 447 1854 516">
    <p class='ocr_par' dir='ltr' id='par_1_7' title="bbox 1660 447 1854 516">
     <span class='ocr_line' id='line_1_39' title="bbox 1660 447 1854 516; baseline 0 -8"><span class='ocrx_word' id='word_1_265' title='bbox 1660 447 1854 516; x_wconf 40' lang='grc' dir='ltr'>Α,</span> 
     </span>
    </p>
   </div>
   <div class='ocr_carea' id='block_1_7' title="bbox 1626 611 1897 727">
    <p class='ocr_par' dir='ltr' id='par_1_8' title="bbox 1626 611 1897 727">
     <span class='ocr_line' id='line_1_40' title="bbox 1626 611 1842 649; baseline -0.005 -9"><span class='ocrx_word' id='word_1_266' title='bbox 1626 611 1701 640; x_wconf 85' lang='lat' dir='ltr'>Inde</span> <span class='ocrx_word' id='word_1_267' title='bbox 1714 612 1842 649; x_wconf 82' lang='lat' dir='ltr'>regimen</span> 
     </span>
     <span class='ocr_line' id='line_1_41' title="bbox 1626 654 1897 692; baseline -0.004 -9"><span class='ocrx_word' id='word_1_268' title='bbox 1626 656 1800 689; x_wconf 77' lang='lat' dir='ltr'>Dei,n0men</span> <span class='ocrx_word' id='word_1_269' title='bbox 1811 654 1897 692; x_wconf 62' lang='lat' dir='ltr'>regni</span> 
     </span>
     <span class='ocr_line' id='line_1_42' title="bbox 1626 699 1844 727; baseline 0 -1"><span class='ocrx_word' id='word_1_270' title='bbox 1626 699 1760 727; x_wconf 85' lang='lat' dir='ltr'>sortitum</span> <span class='ocrx_word' id='word_1_271' title='bbox 1774 708 1844 727; x_wconf 85' lang='lat' dir='ltr'>esse.</span> 
     </span>
    </p>
   </div>
  </div>
 </body>
</html>
