2020 3262
507 253 598 306 172
1030 271 1316 305 LIBERTAS.

241 396 371 429 SECT.
390 398 460 431 111,
499 378 645 426 hodie
673 380 752 442 jus
791 380 1048 430 immotum
1082 391 1170 442 est,
1190 391 1450 445 manetque
1482 383 1630 431 etiam
1663 384 1878 433 crastino

256 449 446 518 ss
500 453 594 513 die,
630 454 722 503 nisi
745 456 930 505 interea
963 466 1077 506 actu
1101 459 1305 507 dederit.
1375 458 1522 507 Quod
1556 459 1686 506 enim
1712 475 1877 508 meum

499 537 588 588 est,
611 547 773 579 meum
809 541 987 592 manet,
1019 535 1111 581 nisi
1142 541 1252 597 post
1276 533 1506 581 dederim.
1577 533 1724 583 Quod
1746 533 1787 582 si
1813 534 1880 582 de

496 607 725 667 praesenti
748 606 935 669 loquar,
970 619 1090 671 puta
1122 609 1215 656 hoc
1249 608 1410 666 modo,
1436 608 1513 667 do,
1548 608 1625 656 vel
1647 608 1766 656 dedi
1787 608 1879 656 ha-

498 678 701 727 bendam
725 696 858 740 cras,
895 682 989 729 illis
1025 683 1184 730 verbis
1208 683 1522 746 significatur,
1546 699 1623 730 me
1661 683 1877 743 dedisse,

496 761 546 802 et
556 756 647 817 jus
669 756 881 803 habendi
909 773 1041 816 cras,
1060 759 1361 805 transtulisse
1386 758 1549 805 hodie.

218 842 316 893 {tersa
326 845 362 894 (ις
374 845 481 879 futuro,
563 833 608 884 7.
644 831 990 889 Veruntamen,
1006 833 1234 894 quoniam
1250 833 1398 880 verba
1413 833 1514 880 sola
1531 832 1594 880 ad
1612 832 1880 881 voluntatis

217 886 481 966 ἶᾷῃῖιᾷἓξιᾞζῖ
496 905 872 954 declarationem
896 907 1035 969 signa
1057 907 1344 954 sufficientia
1371 923 1469 954 non
1494 914 1621 965 sunt,
1645 908 1793 955 verba
1816 907 1881 956 de

216 972 480 1045 ζ’,ῗζζξὲωζῗὶωῇῗῦ
494 979 675 1039 futuro,
701 981 742 1028 si
778 982 873 1028 alia
907 981 1068 1029 adsint
1097 982 1235 1045 signa
1278 982 1558 1040 voluntatis,
1582 982 1742 1030 valere
1764 999 1878 1046 pos-

494 1063 620 1119 sunt,
645 1064 878 1119 tanquam
901 1057 1033 1105 dicta
1055 1066 1215 1105 essent
1239 1058 1299 1105 de
1312 1058 1557 1120 praesenti.
1628 1057 1881 1121 Siquidem

493 1131 623 1178 enim
645 1139 845 1194 propter
879 1132 974 1179 alia
997 1133 1135 1196 signa
1156 1133 1427 1180 constiterit
1451 1133 1610 1195 ipsum
1634 1133 1695 1180 de
1710 1133 1881 1182 futuro

493 1209 774 1271 loquentem
791 1210 914 1257 velle
926 1210 1087 1258 valere
1109 1211 1258 1258 verba
1276 1227 1362 1258 sua
1385 1210 1449 1258 ad
1461 1210 1726 1273 perfectam
1735 1210 1878 1273 juris·

493 1285 573 1330 sui
596 1285 992 1343 translationem,
1013 1286 1174 1333 valere
1198 1286 1390 1333 debent.
1460 1286 1721 1349 Dependet·
1747 1286 1879 1334 enim

479 1358 622 1420 juris
648 1359 934 1419 translatio,
957 1376 1056 1408 non
1090 1377 1121 1408 a
1151 1351 1325 1420 verbis,
1359 1362 1460 1421 sed,
1488 1368 1543 1408 ut
1584 1361 1770 1409 dictum
1803 1368 1880 1410 est

498 1432 724 1495 (articulo
749 1440 796 1492 4,
820 1435 965 1497 hujus
988 1436 1181 1498 capitis)
1204 1452 1234 1483 a
1251 1436 1576 1483 declaratione
1598 1436 1877 1491 voluntatis,

214 1522 251 1571 ¹.¹¹
263 1522 355 1552 ubera
367 1524 452 1552 dom»
560 1513 607 1556 8.
645 1508 697 1556 Si
712 1509 817 1571 quis
827 1510 908 1571 jus
926 1509 1122 1572 aliquod
1137 1526 1278 1557 suum
1294 1511 1358 1558 ad
1374 1511 1581 1558 alterum
1599 1511 1878 1569 transferat,

211 1567 465 1647 ξζῇῗζᾈνξζξίζξξ
492 1598 650 1645 neque
681 1583 734 1630 id
763 1583 915 1631 faciat
945 1592 1146 1647 propter
1180 1585 1364 1632 bonum
1398 1594 1569 1633 mutuo
1606 1593 1879 1649 acceptum,

212 1653 321 1681 ‘¹⁸³⁵st
491 1658 568 1705 vel
607 1666 808 1721 propter
845 1666 1074 1721 pactum;
1109 1659 1345 1722 ejusmodi
1375 1659 1629 1707 translatio
1665 1675 1867 1709 DONUM

493 1741 709 1792 vocatur,
731 1734 831 1782 sive
857 1734 1060 1781 donatio
1085 1733 1263 1781 libera.
1341 1735 1399 1782 In
1419 1735 1682 1784 donatione
1705 1744 1879 1783 autem·

489 1809 657 1867 libera,
674 1809 894 1872 obligant
911 1825 969 1856 ea
986 1810 1133 1856 verba
1151 1809 1267 1867 sola,
1287 1826 1395 1872 quae
1416 1810 1477 1856 de
1484 1810 1727 1873 prementi
1741 1818 1875 1870 sunt,

489 1884 566 1931 vel
590 1883 651 1930 cle
666 1883 950 1947 praeteriw.
1021 1884 1150 1931 Nam
1173 1885 1214 1931 si
1245 1884 1501 1947 defuturo
1525 1885 1638 1944 sint,
1658 1901 1758 1934 non
1783 1887 1869 1934 ob-

488 1959 644 2022 ligant
667 1966 721 2006 ut
744 1959 911 2018 verba,
936 1967 1137 2022 propter
1160 1960 1397 2007 rationem
1426 1960 1628 2008 articulo
1650 1961 1871 2024 proxime

490 2034 735 2097 superiore
780 2034 1056 2082 adductam.
1126 2035 1333 2097 Oportet
1369 2035 1519 2097 igitur
1557 2043 1614 2082 ut
1657 2036 1719 2083 ab
1763 2036 1873 2084 aliis

489 2109 638 2172 signis
693 2110 955 2157 voluntatis
1002 2117 1233 2157 nascatur
1278 2110 1526 2173 obligatio.
1623 2111 1872 2160 Quoniam

488 2192 651 2232 autem
675 2185 907 2247 quicquid
927 2186 983 2232 fit
1006 2185 1301 2244 volantarzb,
1336 2192 1537 2248 propter
1568 2186 1749 2233 bonum
1781 2187 1870 2234 ali-

489 2260 621 2322 quod
642 2261 698 2307 fit
726 2260 949 2319 volentiS,
985 2261 1172 2307 nullum
1204 2261 1395 2324 signum
1425 2261 1688 2308 voluntatis
1720 2261 1869 2310 dandi

487 2335 722 2398 assignari
761 2342 939 2398 potest,
979 2343 1158 2398 praeter
1203 2336 1401 2399 aliquod
1441 2335 1616 2383 bonnm
1653 2336 1741 2383 tali
1780 2337 1868 2386 do-

485 2410 684 2458 natione
706 2411 1013 2473 acquisitum,
1036 2412 1114 2458 vel
1131 2411 1494 2474 acquirendum.
1566 2411 1867 2474 Supponitur

485 2492 652 2532 autem
678 2485 865 2531 nullum
896 2485 993 2532 tale
1021 2486 1205 2533 bonum
1237 2486 1525 2548 acquisitum
1553 2501 1671 2543 esse,
1708 2501 1869 2548 neque

484 2566 682 2621 pactum
699 2559 951 2615 exsistere3
977 2560 1091 2623 quia
1114 2561 1183 2607 sic
1205 2576 1305 2608 non
1323 2567 1448 2608 esset
1466 2559 1669 2607 donatio
1687 2559 1866 2608 libera.

486 2634 657 2682 Restat
679 2635 829 2698 igitur
857 2642 914 2682 ut
949 2635 1118 2683 bonum
1141 2642 1351 2683 mutuam
1373 2635 1475 2682 sine
1498 2642 1641 2697 pacto
1667 2651 1866 2698 exspec-

484 2709 688 2757 tandum
722 2709 797 2756 sit.
884 2710 1086 2773 Signum
1126 2719 1289 2758 autem
1325 2710 1510 2757 nullum
1548 2709 1652 2757 dari
1683 2717 1868 2772 potest,

485 2800 633 2846 quare
670 2785 726 2843 is,
764 2784 846 2846 qui
879 2785 1038 2833 verbis
1070 2785 1129 2832 de
1161 2785 1325 2833 futuro
1356 2799 1470 2832 usus
1505 2792 1595 2843 est,
1633 2785 1871 2833 adversus
