2020 3262
279 271 352 306 DE
380 273 521 307 LEGE
548 273 785 308 NATURAE
815 270 980 306 clRCA
1002 271 1383 307 CONTRAcrus.
1460 263 1550 306 169
1578 313 1581 317 A

160 388 334 432 contra
355 399 647 432 consensum
669 383 820 432 totius
843 382 1037 447 generis
1058 382 1277 430 humani.
1321 383 1445 432 Quae
1470 383 1551 431 de-

158 458 316 508 finitio
351 459 486 508 nullo
517 459 665 508 modo
699 458 981 523 recipienda
1015 466 1116 512 est;
1152 458 1368 520 alioquin
1403 458 1548 517 enim,

159 533 456 599 impossibile
491 542 619 583 esset
652 535 895 599 cuiquam,
938 534 1155 597 exceptis
1195 533 1467 581 infantibus
1502 541 1552 581 et

159 617 324 659 mente
355 611 526 675 captis,
558 618 732 659 contra
763 610 913 658 talem
942 610 1104 673 legem
1130 625 1352 673 peccare.
1422 608 1552 657 Nam

158 701 280 735 voce
318 686 403 735 illa
443 703 606 752 genus
645 687 903 734 humanum
950 684 1372 749 comprehendunt
1418 691 1552 732 certe

160 777 331 811 omnes
365 762 587 811 homines
623 763 814 811 ratione
854 769 970 810 actu
1008 768 1217 810 utentes.
1287 761 1365 809 Illi
1401 760 1554 824 igitur

158 844 331 886 contra
347 853 455 886 eam
472 838 551 886 vel
574 855 674 886 non
697 838 900 897 faciunt,
919 837 997 885 vel
1013 837 1204 885 faciunt
1227 852 1327 884 non
1352 851 1554 884 consen-

157 913 351 973 tientes,
377 913 600 978 ssideoque
641 913 906 962 excusandi
944 921 1074 961 sunt.
1146 913 1348 960 Naturae
1386 920 1554 960 autem

156 988 289 1053 leges
320 990 382 1038 ab
410 1005 580 1037 eorum
609 1006 851 1038 consensu
882 989 1115 1052 recipere,
1145 988 1229 1052 qui
1260 1004 1340 1036 eas
1366 988 1554 1036 violant

156 1065 333 1129 saepius
349 1081 496 1129 quam
510 1066 785 1122 observant,
801 1081 916 1113 sane
931 1064 1157 1127 iniquum
1171 1071 1260 1112 est.
1294 1065 1552 1124 Praeterea,

155 1141 377 1190 homines
396 1141 568 1190 eadem
585 1142 638 1189 in
655 1142 761 1190 aliis
782 1141 1033 1199 damnant,
1052 1141 1105 1188 in
1124 1140 1293 1205 seipsis
1310 1141 1551 1204 probant3

157 1224 343 1277 contra,
371 1218 570 1281 publice
603 1217 824 1277 laudant,
845 1217 978 1281 quod
1012 1224 1201 1266 secreto
1225 1224 1477 1280 spernunt,
1504 1225 1555 1265 et

156 1293 510 1344 consuetudine
546 1294 808 1350 audiendi3
844 1310 944 1341 non
980 1297 1182 1356 propria
1217 1293 1553 1357 speculatione

156 1369 452 1419 sententiam
474 1369 656 1429 ferunt,
681 1370 1092 1432 consentiuntque
1117 1369 1248 1426 odio,
1271 1376 1422 1429 metu,
1449 1385 1550 1433 spe,

155 1462 337 1506 amore,
361 1446 441 1495 vel
471 1446 635 1509 aliqua
665 1446 762 1494 alia
797 1445 948 1494 animi
978 1446 1363 1509 perturbatione,
1395 1446 1552 1509 magis

151 1537 304 1586 quam
325 1522 531 1570 ratione.
603 1522 818 1585 Ideoque
840 1537 942 1569 non
964 1537 1076 1569 raro
1105 1521 1285 1569 accidit
1307 1527 1441 1569 totos
1464 1537 1553 1584 po-

80 1611 82 1614 ⁴
152 1598 296 1663 pulos
315 1613 505 1647 summo
525 1614 764 1647 consensu
783 1606 834 1645 et
848 1597 1164 1645 contentione
1182 1613 1239 1644 ea
1258 1612 1422 1660 agere,
1443 1613 1553 1660 quae

154 1675 418 1739 scriptores
437 1674 508 1722 illi
527 1681 700 1722 contra
717 1674 880 1739 legem
904 1689 1009 1721 esse
1028 1672 1312 1720 naturalem
1332 1672 1553 1721 libentis-

155 1751 277 1799 sime
300 1751 613 1799 confitentur.
685 1750 785 1798 Sed
808 1766 919 1797 cum
943 1748 1216 1797 concedant
1246 1764 1417 1797 omnes
1428 1749 1554 1812 jure

153 1827 278 1886 fieri,
303 1827 435 1890 quod
456 1842 557 1874 non
586 1827 644 1874 fit
668 1833 842 1874 contra
870 1832 1056 1873 rectam
1079 1824 1336 1884 rationem,
1362 1825 1553 1888 injuria

154 1902 341 1951 factum
363 1918 562 1951 censere
580 1902 830 1962 debemus,
850 1901 982 1965 quod
1004 1909 1154 1949 rectae
1171 1901 1350 1949 rationi
1373 1916 1553 1964 repug-

154 1985 259 2038 nat,
282 1979 378 2027 hoc
401 1985 490 2037 est,
517 1978 650 2041 quod
673 1979 968 2027 contradicit
990 1978 1135 2026 alicui
1156 1977 1352 2026 veritati
1374 1993 1404 2024 a
1425 1977 1552 2025 veris

152 2054 408 2118 principiis
426 2062 561 2102 recte
580 2054 920 2102 ratiocinando
940 2054 1173 2102 collectae.
1220 2054 1368 2103 Quod
1385 2061 1552 2103 autem

155 2130 346 2194 injuria
367 2131 553 2179 factum
577 2138 669 2189 est,
694 2138 867 2179 contra
890 2131 1049 2196 legem
1071 2130 1284 2194 aliquam
1301 2131 1408 2178 fieri
1433 2130 1552 2178 dici-

153 2222 279 2255 mus.
325 2208 415 2255 Est
431 2206 583 2271 igitur
601 2206 683 2254 lex
702 2206 926 2270 quaedam
949 2213 1092 2254 recta
1116 2206 1268 2265 ratio,
1289 2223 1414 2270 quae,
1440 2223 1552 2254 cum

153 2299 256 2332 non
278 2283 441 2331 minus
459 2283 524 2331 sit
545 2299 660 2346 pars
682 2291 872 2331 naturae
894 2283 1138 2341 humanae,
1159 2298 1306 2345 quam
1325 2283 1552 2346 quaelibet

154 2358 250 2407 ‘alia
281 2358 489 2407 facultas
523 2359 601 2406 vel
635 2359 839 2406 affectus
872 2358 1038 2417 animi,
1079 2358 1315 2405 naturalis
1357 2373 1553 2422 quoque

155 2433 350 2484 dicitur.
419 2436 509 2483 Est
535 2435 687 2499 igitur
707 2434 789 2482 lex
806 2434 1075 2494 naturaZiS,
1098 2442 1155 2482 ut
1178 2451 1286 2482 eam
1305 2434 1552 2493 definiam,

139 2510 404 2560 'dictamen
438 2518 586 2559 rectae
609 2511 845 2559 rationis*
870 2511 1000 2559 circa
1031 2526 1104 2568 ea,
1130 2527 1239 2574 quae
1268 2511 1460 2574 agenda
1475 2511 1553 2560 vel

209 2660 370 2699 *Rectoe
387 2661 563 2707 rationi-5,
582 2662 676 2711 eta]
711 2661 787 2699 Per
804 2667 948 2699 rectam
967 2663 1153 2700 rationem
1172 2664 1210 2700 in
1230 2668 1332 2700 statu
1352 2663 1551 2701 hominum

158 2723 334 2768 naturali,
349 2722 532 2772 intelligo,
554 2736 630 2760 non
651 2729 694 2760 ut
713 2724 822 2760 multi
842 2723 1063 2762 facultatem
1081 2724 1330 2770 infallibilem,
1350 2725 1417 2762 sed
1436 2725 1551 2763 ratio-

158 2784 311 2822 cinandi
343 2791 484 2828 actum,
504 2785 544 2822 id
575 2792 643 2830 est,
663 2786 994 2824 ratiocinationem
1023 2787 1324 2838 uniuscujusque
1356 2787 1551 2837 propriam

157 2849 198 2883 et
226 2858 357 2884 veram
387 2847 490 2884 circa
519 2847 690 2884 actiones
717 2860 818 2890 suas,
844 2859 931 2898 quae
964 2848 1002 2885 in
1036 2848 1250 2894 utilitatem,
1282 2849 1342 2886 vel
1368 2849 1551 2887 damnum

157 2911 383 2946 oaeterorum
414 2907 612 2946 hominum
643 2909 857 2947 redundare
887 2910 1042 2959 possint.
1098 2910 1297 2960 Propriam
1328 2910 1426 2957 dico,
1460 2911 1554 2961 quia

1591 407 1721 441 SECT.
1742 407 1812 441 111.

1687 460 1717 491 2.

1569 552 1676 590 Legem
1689 555 1807 581 natum

1568 595 1626 624 lem
1635 605 1695 624 non
1705 598 1836 631 essecut-
