1982 3256
430 270 492 321 78
956 287 1025 320 DE
1054 287 1294 320 HOMINE.

179 414 306 446 seor.
325 415 374 447 11,
497 395 570 442 Sit
593 395 661 455 (in
694 397 851 459 figura
872 398 1047 460 prima)
1080 400 1245 446 oculus
1270 400 1313 446 A
1331 399 1368 446 Β
1388 399 1444 458 C,
1470 406 1689 447 centrum
1723 417 1799 448 re-

182 509 187 518 .
267 466 295 496 9·
365 511 371 519 ,
427 469 544 518 tinae
567 471 627 529 D,
652 471 754 519 axis
778 472 967 535 opticus
993 473 1038 520 N
1055 474 1108 520 C.
1179 475 1334 538 Super
1356 475 1550 537 pupillae
1575 475 1798 523 extremi-

167 556 212 605 1?e
226 557 412 608 ratioqeflip»
427 550 552 592 tates
576 545 635 604 A,
662 546 701 593 Β
732 546 973 594 ducantur
1006 548 1129 595 radii
1165 550 1325 611 quoad
1358 565 1551 596 sensum
1583 551 1799 613 paralleli

166 602 412 680 ΞΞῘἙΟΡᾜῨΜ
428 619 450 665 Ι
469 619 528 677 A,
554 620 599 666 Κ
621 620 677 678 Β,
702 621 783 683 qui
802 621 1132 684 refringantur
1149 623 1212 670 ad
1234 624 1441 670 retinam
1464 624 1514 671 in
1538 632 1719 687 puncto
1743 624 1797 672 C.

425 693 682 742 Videbitur
705 711 820 758 ergo
850 704 1086 758 punctum
1108 697 1295 744 visibile
1327 699 1377 745 in
1408 706 1589 760 puncto
1615 699 1678 758 Ν,
1704 715 1799 762 quo

425 769 677 831 productae
701 770 745 817 A
764 771 802 828 I,
831 770 868 816 B
891 772 934 817 K
955 772 1153 828 coirent,
1172 788 1272 819 non
1295 773 1448 820 solum
1471 774 1652 822 virtute
1677 775 1800 823 radii

426 844 665 891 irrefracti
698 845 744 891 N
766 845 819 904 C,
856 846 940 892 sed
975 846 1123 893 etiam
1158 847 1294 910 (Cap.
1324 863 1383 895 11.
1411 855 1500 896 art.
1533 851 1584 911 2)
1619 850 1800 898 virtute

425 918 667 966 radiorum
694 920 1012 968 refractorum
1036 922 1079 968 A
1097 921 1153 979 C,
1180 922 1219 968 B
1237 922 1290 979 C,
1316 923 1367 969 in
1385 923 1489 985 ipso
1514 940 1601 970 axe
1620 925 1798 988 optico.

204 1014 214 1052 5
427 992 549 1041 Cum
572 995 734 1057 itaque
753 996 873 1042 alius
891 996 1053 1043 radius
1073 997 1286 1044 exterior
1308 997 1358 1044 in
1382 998 1574 1045 oculum
1593 1015 1692 1046 non
1714 999 1799 1047 ad-

424 1070 662 1128 mittatur,
687 1071 820 1118 nulla
854 1072 945 1118 erit
980 1072 1197 1119 confusio
1233 1072 1324 1118 nisi
1354 1089 1462 1135 quae
1493 1074 1647 1121 oritur
1670 1090 1700 1121 a
1722 1090 1797 1121 ra-

424 1144 531 1202 diis,
552 1145 636 1208 qui
654 1145 881 1193 cadentes
901 1147 1027 1193 inter
1045 1147 1089 1193 A
1108 1154 1156 1194 et
1176 1147 1215 1194 B
1241 1156 1408 1195 secant
1426 1165 1565 1195 axem
1584 1149 1799 1212 opticum

421 1221 670 1282 paululum
693 1222 815 1269 citra
848 1223 900 1280 C,
931 1223 1246 1285 inciduntque
1276 1224 1327 1270 in
1356 1225 1561 1272 retinam
1585 1241 1644 1288 ex
1667 1232 1799 1272 utra-

424 1310 516 1356 que
539 1303 677 1358 parte
700 1297 870 1358 puncti
896 1297 952 1355 C,
978 1305 1027 1344 et
1050 1298 1254 1360 proinde
1284 1299 1417 1361 (Cap.
1445 1314 1503 1346 11.
1532 1307 1620 1346 art.
1648 1306 1693 1358 3,
1718 1316 1799 1347 co-

423 1370 529 1417 roll.
557 1371 614 1432 Ι.)
638 1371 834 1418 confuse
858 1373 1052 1434 quidem
1070 1373 1326 1428 videbitur,
1347 1374 1479 1436 quod
1502 1375 1672 1422 evitari
1699 1390 1799 1422 non

423 1452 601 1506 potest,
621 1446 706 1492 sed
723 1446 882 1494 minus
901 1463 1044 1509 quam
1064 1448 1104 1494 si
1122 1449 1204 1495 alii
1222 1449 1367 1496 etiam
1385 1450 1508 1496 radii
1526 1458 1664 1496 extra
1681 1449 1740 1507 A,
1758 1450 1798 1496 B

424 1518 488 1566 ad
522 1520 729 1567 retinam
762 1522 1086 1583 pervenirent.
1161 1523 1284 1570 Nam
1319 1531 1375 1570 ut
1397 1531 1632 1586 punctum
1658 1523 1799 1571 valde

422 1608 628 1656 parvum
653 1595 876 1655 discerni,
901 1597 952 1643 id
975 1605 1063 1655 est,
1089 1597 1317 1646 distincte
1339 1599 1494 1645 videri
1515 1599 1683 1661 possit,
1708 1598 1798 1645 im-

421 1670 648 1731 possibile
684 1678 770 1729 est,
806 1671 899 1717 nisi
927 1687 1093 1718 omnes
1129 1672 1252 1719 radii
1290 1673 1350 1720 ab
1384 1689 1481 1720 uno
1519 1679 1700 1736 puncto
1733 1672 1797 1719 ad

421 1760 572 1791 unum
608 1761 798 1808 quoque
832 1753 1066 1808 punctum
1102 1746 1303 1810 refringi
1337 1755 1548 1810 possent,
1582 1747 1633 1794 id
1667 1747 1796 1809 quod

421 1820 554 1867 nulla
566 1821 723 1883 figura
738 1836 1040 1883 earum,quas
1054 1821 1288 1868 hactenus
1301 1830 1562 1884 geometrae
1578 1821 1796 1869 conside-

420 1902 667 1953 raverunt,
685 1895 872 1942 efficere
886 1902 1062 1958 potest.
1102 1896 1153 1943 Si
1166 1897 1267 1959 jam
1286 1897 1308 1943 I
1327 1897 1386 1955 A,
1403 1898 1447 1943 K
1467 1897 1504 1943 B
1521 1897 1797 1944 sensibilem

420 1969 630 2017 efficiant
647 1970 893 2032 angulum,
914 1977 1057 2017 erunt
1080 1971 1149 2017 illi
1168 1971 1237 2018 ita
1254 1971 1450 2018 refracti
1472 1978 1528 2018 ut
1546 1971 1722 2019 cadant
1743 1972 1795 2019 in

419 2045 643 2102 retinam,
669 2045 750 2091 alii
774 2061 831 2091 ex
849 2061 961 2102 una,
981 2045 1061 2092 alii
1079 2061 1138 2092 ex
1155 2046 1249 2092 alia
1271 2053 1410 2109 parte
1433 2046 1600 2108 puncti
1625 2046 1663 2093 C
1686 2061 1794 2093 sen-

422 2119 640 2166 sibiliter.
690 2120 860 2181 Itaque
883 2135 970 2182 per
992 2120 1098 2167 illos
1122 2121 1281 2168 radios
1304 2121 1545 2168 videbitur
1569 2121 1615 2167 N
1639 2121 1792 2184 magis

422 2194 634 2241 confuse.
666 2195 828 2256 Atque
842 2195 946 2241 haec
964 2196 1034 2242 ita
1053 2211 1102 2242 se
1120 2195 1301 2243 habent
1318 2196 1369 2243 in
1388 2196 1569 2249 visione
1587 2196 1791 2252 directa3

419 2269 504 2315 ubi
520 2269 849 2331 unusquisque
866 2276 1028 2332 partes
1048 2270 1227 2332 objecti
1246 2271 1361 2318 satis
1379 2287 1578 2334 magnas
1592 2270 1643 2317 in
1660 2271 1791 2318 omni

420 2344 523 2391 fere
547 2344 777 2391 distantia
799 2345 915 2391 satis
948 2345 1175 2392 distincte
1205 2345 1339 2392 videt
1369 2353 1545 2408 praeter
1574 2361 1788 2408 myopes,

423 2420 596 2482 quibus
634 2418 758 2466 radii
797 2419 962 2466 visorii
1003 2437 1113 2467 cum
1153 2436 1258 2478 axe,
1289 2427 1486 2483 propter
1518 2420 1790 2482 angustiam

421 2495 631 2557 pupillae,
657 2494 780 2541 citra
801 2503 1037 2557 punctum
1062 2496 1114 2554 C,
1140 2503 1190 2542 et
1213 2511 1350 2542 senes
1381 2495 1568 2557 quibus,
1592 2501 1790 2557 propter

420 2570 669 2617 laxitatem
692 2569 921 2632 ejusdem,
948 2571 1073 2617 ultra
1094 2571 1252 2633 ipsum
1276 2577 1464 2617 coeunt.
1525 2569 1617 2616 His
1639 2569 1790 2631 igitur

420 2645 544 2691 radii
567 2645 769 2692 extremi
792 2646 1040 2693 resecandi
1063 2646 1140 2693 vel
1164 2645 1384 2708 cogendi,
1409 2644 1502 2691 illis
1527 2643 1789 2691 distinendi

421 2727 534 2766 sunt
557 2720 596 2767 si
618 2720 782 2768 videre
806 2721 1030 2768 distincte
1052 2721 1237 2778 volunt,
1260 2735 1452 2767 necesse
1476 2726 1561 2766 est.

486 2801 532 2841 2.
570 2796 626 2842 In
644 2795 920 2858 telescopio,
940 2803 995 2843 ut
1020 2796 1126 2858 quis
1146 2795 1372 2842 distincte
1394 2793 1570 2851 videat,
1596 2799 1790 2856 oportet

418 2875 474 2915 ut
500 2869 645 2915 iidem
678 2869 773 2916 sint
807 2870 929 2917 radii
964 2871 1167 2918 extremi
1191 2869 1272 2932 qui
1294 2868 1490 2916 fuerunt
1529 2868 1579 2915 in
1602 2868 1786 2916 visione
