2020 3262
464 245 617 284 Quon
644 245 753 279 Lux
779 244 1112 289 NATURALIS,
1139 245 1255 279 ETc.
1460 237 1556 280 203

234 359 281 402 9.
317 354 398 403 Ad
442 362 629 404 sextam
674 356 834 420 legem
881 355 1268 403 confirmandam
1307 356 1556 418 pertinent
1596 378 1726 413 sacr,
1746 379 1817 413 111.

0 466 27 499 ,5
167 430 333 478 omnia
366 447 425 479 ea
468 432 592 492 loca,
631 448 740 495 quae
771 432 949 495 jubent
993 430 1101 478 fieri
1138 430 1553 479 misericordiam.
1690 432 1722 463 4·

169 505 348 555 Qualia
393 514 523 567 sunt,
571 508 750 556 Matth.
788 525 835 556 v.
869 509 899 562 7
917 525 928 554 z
966 506 1122 554 Beati
1169 506 1554 555 misericordes:
1574 524 1785 575 newem-

165 582 398 646 quoniam
412 583 514 648 ipsi
536 583 936 632 misericordiam
951 588 1327 647 consequentur.
1397 582 1554 629 Levit.
1572 567 1818 647 ffiffiflffifflffl,

164 657 264 706 xix.
296 663 383 707 18:
419 659 536 707 Non
560 675 763 724 quoeras
796 658 1046 718 ultionem,
1071 674 1228 722 neque
1247 673 1429 704 memor
1453 657 1556 704 eris
1574 656 1813 734 {gssfflmtffmum

165 732 375 796 injuriae,
415 734 591 782 civium
631 741 838 783 tuorum.
910 735 1036 782 Sunt
1075 741 1255 791 autem,
1304 732 1389 796 qui
1428 733 1557 780 hanc

163 808 324 873 legem
341 826 443 858 non
480 810 628 859 modo
651 827 752 859 non
776 811 1132 868 confirmatam,
1153 807 1241 856 sed
1268 814 1319 856 et
1341 807 1559 856 infirma-

164 891 267 933 tam
287 885 540 949 scripturis
563 893 754 949 putant,
782 902 842 933 ex
866 902 924 933 eo
950 885 1084 949 quod
1106 883 1269 948 impiis
1291 890 1405 947 post
1426 900 1558 931 mor-

164 966 282 1020 tem,
306 961 392 1009 ubi
416 962 578 1010 nullus
614 961 948 1010 emendationi
970 977 1130 1023 neque
1165 960 1389 1023 exemplo
1422 959 1558 1007 locus

165 1043 254 1095 est,
279 1053 428 1100 poena
449 1044 615 1086 tamen
631 1044 828 1085 maneat
851 1045 1052 1086 aeterna.
1124 1036 1333 1084 Solvunt
1356 1036 1560 1099 objecti-

164 1128 311 1160 onem
333 1113 461 1161 hanc
484 1113 649 1177 aliqui,
675 1113 899 1171 dicendo,
926 1113 1084 1160 Deum
1107 1111 1244 1159 nulla
1268 1111 1559 1160 obstrictum

162 1187 272 1251 lege
312 1189 476 1237 omnia
507 1189 691 1237 referre
728 1189 792 1237 ad
821 1189 1029 1252 gloriam
1064 1204 1217 1247 suam,
1249 1188 1336 1235 sed
1368 1188 1558 1236 homini

162 1279 264 1312 non
288 1264 437 1313 licere
460 1264 591 1313 idem
614 1265 777 1313 facere
800 1282 810 1313 :
850 1265 988 1328 quasi
1026 1265 1159 1312 Deus
1183 1265 1392 1328 gloriam
1427 1281 1559 1328 quae-

10 1397 14 1400 ,
164 1348 312 1399 reret,
337 1340 433 1389 hoc
471 1349 561 1401 est,
595 1341 816 1405 placeret
850 1341 942 1389 sibi
983 1341 1036 1389 in
1074 1348 1234 1389 morte
1267 1342 1558 1404 peccatoris.

0 1429 11 1487 ξ
164 1415 365 1464 Rectius
403 1416 743 1480 respondetur,
768 1417 1131 1465 institutionem
1165 1432 1323 1480 poenae
1361 1425 1559 1465 aeternae

0 1493 6 1509 ³
162 1491 317 1540 fuisse
337 1499 452 1541 ante
474 1501 749 1556 peecatum,
770 1500 819 1541 et
841 1493 1112 1556 respexisse
1134 1492 1229 1540 hoc
1260 1499 1470 1553 tantum,
1502 1501 1560 1541 ut

162 1575 442 1617 metuerent
463 1569 687 1617 homines
709 1585 914 1633 peccare
938 1569 989 1616 in
1006 1568 1242 1616 futurum.

234 1649 310 1694 10.
349 1645 618 1708 Septimam
637 1645 960 1708 comprobant
983 1645 1133 1692 verba
1151 1643 1351 1704 Christi,
1377 1645 1558 1693 Matth.
1575 1648 1803 1730 issss’nffiffiss

162 1736 208 1768 v.
229 1727 293 1769 22
313 1740 324 1769 :
360 1720 480 1785 Ego
500 1728 664 1769 autem
683 1721 796 1769 dico
821 1720 973 1779 vobis,
999 1720 1120 1785 quia
1143 1721 1299 1768 omnis
1322 1721 1409 1785 qui
1428 1721 1560 1769 iras-
1576 1717 1810 1787 confracontus

163 1796 298 1844 citur
301 1796 484 1861 fratri
505 1813 610 1857 suo,
635 1813 751 1845 reus
776 1797 877 1845 erit
899 1796 1100 1860 judicio
1117 1815 1135 1852 ;
1160 1797 1247 1862 qui
1265 1804 1429 1845 autem
1447 1797 1561 1845 dix-
1576 1780 1704 1809 melum*

163 1872 280 1932 erit,
298 1871 477 1932 Fatue,
501 1888 619 1920 reus
643 1873 743 1920 erit
766 1872 1013 1920 Gehennae
1039 1872 1190 1937 ignis.
1259 1873 1486 1921 Proverb.
1510 1890 1559 1921 x.

169 1953 258 1996 18:
299 1948 396 2004 Qui
405 1948 615 2013 profert
634 1947 992 2007 contumeliam,
1014 1947 1256 2012 insipiens
1281 1955 1373 1997 est.
1443 1949 1560 1997 Pro-

163 2024 301 2075 verb.
327 2024 426 2072 xiv.
451 2031 510 2072 21
540 2043 550 2072 :
593 2025 690 2081 Qui
715 2024 934 2089 despicit
948 2023 1234 2088 promimum
1261 2040 1413 2084 suum,
1433 2042 1561 2089 pec-

163 2106 264 2148 cat.
336 2100 476 2148 Prov.
501 2117 580 2148 xv.
614 2106 632 2149 l
660 2119 670 2147 :
709 2099 879 2147 Sermo
904 2099 1059 2147 durus
1083 2100 1299 2148 suscitat
1301 2100 1559 2165 furorem.

163 2175 306 2224 Prov.
330 2175 447 2224 xxii.
479 2182 568 2225 10:
606 2176 756 2239 Ejice
781 2175 1054 2224 derisorem
1073 2194 1090 2223 .·
1126 2182 1176 2223 et
1196 2177 1355 2225 exibit
1373 2195 1480 2225 cum
1503 2194 1560 2225 eo

150 2251 400 2316 Jurgium,
426 2250 786 2317 cessabuntque
806 2267 982 2311 causoe,
1007 2257 1057 2299 et
1081 2252 1402 2301 contumeliae.

237 2333 312 2375 1·1.
349 2327 532 2391 Legem
567 2334 791 2375 octavam
826 2326 886 2374 de
932 2327 1245 2390 agnoscenda
1278 2328 1558 2391 aequalitate
1576 2333 1784 2383 15⁶m200t³vae
1804 2334 1842 2363 10-

1573 2377 1773 2414 gisnaturahs,
1778 2387 1843 2406 con-

83 2428 102 2455 ο
163 2409 370 2461 naturae,
389 2402 484 2451 hoc
509 2410 598 2461 est,
620 2402 680 2450 de
705 2402 1004 2461 humilitate,
1022 2403 1276 2451 stabiliunt
1300 2404 1406 2452 haec
1431 2405 1555 2453 loca.
1573 2423 1619 2449 tra
1632 2421 1814 2459 superbiam:

163 2477 344 2527 Matth.
368 2495 415 2527 v.
442 2485 501 2527 3:
539 2479 696 2526 Beati
710 2495 972 2543 pauperes
996 2479 1199 2543 spiritu,
1224 2481 1456 2544 quoniam
1479 2482 1558 2546 ip-

163 2570 330 2604 sorum
353 2561 431 2603 est
453 2570 661 2620 regnum
689 2554 940 2602 coelorum.
978 2555 1208 2603 Proverb.
1234 2555 1296 2603 vi.
1329 2562 1521 2606 16—19
1545 2578 1555 2605 ε

163 2629 268 2678 Sea·
290 2636 405 2678 sunt
439 2647 551 2695 quae
586 2630 696 2678 odit
731 2629 989 2688 Dominus,
1015 2637 1065 2678 et
1104 2631 1364 2696 septimum
1395 2633 1558 2681 detes-

164 2712 307 2756 tatur
337 2706 505 2754 anima
535 2707 658 2769 ejus,
697 2705 865 2753 oculos
901 2705 1150 2765 sublimes,
1190 2713 1283 2755 etc.
1327 2708 1555 2759 Proverb.

163 2782 259 2830 xvi.
280 2788 347 2830 5:
385 2781 705 2829 Abominatio
729 2780 933 2828 Domini
968 2788 1045 2829 est
1073 2782 1229 2830 omnis
1266 2799 1556 2849 arrogans:

164 2858 316 2909 etiam
339 2858 385 2906 si
409 2874 581 2906 manus
596 2858 669 2905 ad
685 2871 874 2905 manum
874 2858 1067 2920 suerit,
1094 2875 1189 2906 non
1213 2866 1290 2907 cst
1307 2860 1554 2910 innocens.

164 2933 391 2982 Proverb.
410 2934 512 2982 xi.2
533 2953 542 2981 :
580 2933 853 2997 Ubisuere‘t
872 2934 1127 2998 superbia,
1153 2935 1223 2983 ibi
1246 2937 1348 2984 erit
1372 2943 1422 2985 ct
1442 2955 1556 2986 con-
