2020 3262
363 261 455 304 150
745 273 1027 307 PRAEFA'rlo
1055 275 1126 307 AD
1154 275 1449 308 LEc'romis.

356 405 482 452 rium
504 405 675 454 habuit
698 407 828 455 Deus
851 409 901 455 in
923 409 952 457 J
954 409 1118 457 udaeos
1140 410 1384 472 peculiare
1402 424 1489 472 per
1511 417 1708 472 pactum
1730 412 1857 460 anti-

355 519 505 567 quum
535 505 929 555 circumcisionis.
975 508 1155 566 Tertio,
1179 508 1310 555 idem
1339 524 1439 556 non
1470 524 1740 571 repugnare
1758 511 1857 573 juri

355 604 536 664 divino,
561 613 796 668 quatenus
834 608 965 655 Deus
1000 608 1205 670 imperat
1228 608 1279 655 in
1303 608 1602 656 Christianos
1624 625 1712 672 per
1743 626 1857 673 pac-

354 710 460 752 tum
476 705 761 769 baptismale
783 726 792 753 :
830 707 1049 769 adeoque
1059 708 1139 770 jus
1162 707 1283 755 illud
1302 724 1598 756 summorum
1615 709 1857 772 imperan-

353 804 490 864 tium,
515 806 614 853 sive
639 806 718 868 jus
743 806 966 865 civitatis,
992 823 1103 854 cum
1136 807 1370 870 religione
1395 808 1590 855 omnino
1612 825 1712 856 non
1733 825 1856 873 pug-

351 919 484 952 nare.
553 905 818 963 Postremo,
855 905 1057 952 ostendo
1093 921 1201 967 quae
1240 906 1397 953 officia
1427 905 1490 953 ad
1522 906 1775 954 introitum
1804 907 1857 955 in

351 1018 556 1065 regnum
575 1004 807 1052 coelorum
824 1005 1137 1068 requiruntur
1160 1006 1431 1053 necessario
1453 1023 1463 1061 3
1500 1013 1645 1069 atque
1664 1022 1724 1054 ex
1745 1007 1855 1066 illis,

351 1101 690 1161 obedientiam,
713 1119 857 1166 quam
872 1120 901 1150 a
919 1104 1102 1150 civibus
1127 1104 1327 1167 singulis
1351 1104 1635 1152 Christianis
1648 1105 1855 1168 principi

352 1178 439 1250 suo
466 1202 742 1251 Christiano
761 1203 926 1250 deberi
949 1204 1313 1262 affirmaveram,
1331 1204 1553 1266 religioni
1570 1204 1855 1252 Christianae

351 1317 622 1364 repugnare
660 1318 756 1350 non
781 1318 939 1365 posse,
975 1319 1034 1350 ex
1060 1303 1325 1366 Scripturae
1361 1319 1510 1351 sacrae
1549 1303 1853 1362 testimoniis,

351 1400 617 1448 secundum
639 1409 887 1464 receptam
910 1403 970 1450 ab
1009 1404 1231 1450 omnibus
1254 1403 1721 1466 interpretationem,
1757 1403 1855 1451 evi-

351 1500 629 1548 dentissime
654 1501 934 1548 demonstro
956 1509 1006 1548 et
1029 1502 1281 1550 concludo.

416 1600 703 1648 Methodum
735 1600 957 1656 vidistis;
994 1617 1188 1649 causam
1217 1602 1319 1664 jam
1359 1608 1407 1648 et
1443 1602 1695 1649 consilium
1734 1602 1851 1650 scri-

348 1698 496 1746 bendi
532 1699 807 1761 accipitote.
891 1699 1078 1746 Dabam
1111 1715 1308 1762 operam
1347 1699 1664 1762 philosophiae
1701 1700 1850 1747 animi
1910 1713 1912 1715 ·

349 1813 508 1856 causa,
534 1799 732 1861 ejusque
756 1798 806 1845 in
831 1798 962 1845 omni
979 1814 1159 1861 genere
1185 1799 1422 1845 elementa
1442 1797 1600 1860 prima
1623 1812 1852 1861 congere-

347 1898 475 1953 bam,
492 1904 541 1944 et
564 1897 614 1943 in
638 1905 737 1944 tres
757 1898 993 1945 sectiones
1007 1898 1197 1961 'digesta
1213 1898 1448 1961 paulatim
1471 1898 1848 1957 conscribebam,

347 1997 418 2044 ita
439 2003 495 2044 ut
518 1996 568 2043 in
586 1996 758 2060 prima,
781 1996 841 2043 de
857 1996 1071 2060 Corpore
1094 1996 1567 2060 proprietatibusque
1585 1996 1689 2059 ejus
1706 2011 1851 2059 gene·

346 2096 527 2143 ralibus
548 2116 560 2150 ;
595 2096 647 2142 in
671 2096 898 2154 secunda,
925 2096 984 2143 de
1010 2096 1221 2143 Homine
1256 2103 1306 2142 et
1328 2095 1641 2143 facultatibus
1663 2095 1847 2142 affecti—

346 2196 532 2258 busque
556 2196 658 2257 ejus
683 2195 935 2257 speciatim
956 2216 967 2250 3
1004 2196 1055 2242 in
1078 2195 1238 2254 tertia,
1264 2195 1323 2242 de
1347 2195 1556 2244 Civitate
1571 2195 1849 2257 civiumque

348 2294 516 2341 officiis
557 2302 798 2357 ageretur.
891 2294 1063 2357 Itaque
1106 2295 1256 2342 sectio
1295 2295 1453 2358 prima
1489 2294 1846 2357 Philosophiam

345 2394 553 2457 primam
593 2402 642 2442 et
678 2394 895 2457 Physicae
931 2394 1169 2442 elementa
1196 2394 1380 2457 aliquot
1420 2394 1667 2442 continet:
1702 2393 1755 2440 in
1788 2409 1847 2440 ea

346 2494 594 2557 temporis,
616 2494 726 2553 loci,
751 2510 924 2553 causae,
949 2495 1198 2557 potentiae,
1218 2494 1479 2552 relationis,
1502 2492 1843 2556 proportionis,

346 2594 645 2655 quantitatis,
676 2595 861 2657 figurae,
884 2602 1046 2643 motus
1080 2596 1293 2643 rationes
1331 2599 1686 2657 computantur.
1759 2592 1843 2639 Se-

348 2691 508 2739 cunda
547 2692 675 2740 circa
719 2692 1130 2756 imaginationem,
1185 2692 1482 2749 memoriam,
1527 2689 1842 2748 intellectum,

346 2789 778 2850 ratiocinationem,
795 2791 1080 2854 appetitum,
1099 2791 1414 2847 voluntatem,
1428 2789 1626 2847 bonum,
1645 2788 1841 2846 malum,

346 2890 603 2937 honestum
617 2898 667 2937 et
683 2898 839 2952 turpe,
849 2890 1038 2953 aliaque
1054 2891 1156 2953 ejus
1171 2889 1360 2952 generis
1375 2894 1653 2951 occupatur.
1678 2886 1842 2934 Tertia
