2020 3262
477 271 549 304 DE
577 271 747 305 sTA'rU
775 271 1070 314 HOMINUM,
1098 271 1213 305 mc.
1488 265 1578 308 163

192 382 327 446 quod
348 383 483 432 nulla
504 384 664 433 acrius
685 390 921 448 gerantur
947 382 1077 430 bella
1110 399 1258 446 quam
1289 383 1417 431 inter
1453 386 1579 448 ejus-
1619 408 1748 442 snm,
1772 409 1843 442 111,

193 457 307 507 dem
342 459 592 524 religionis
627 468 784 508 sectas
820 466 873 506 et
912 458 1132 521 ejusdem
1169 458 1448 522 reipublicae
1477 461 1579 509 fac-
1714 460 1745 491 ¹·

191 533 368 595 tiones,
403 536 488 584 ubi
524 543 772 584 certamen
811 541 888 582 est
923 533 1001 581 vel
1043 533 1104 582 de
1134 533 1370 582 doctrinis
1404 536 1481 583 vel
1518 536 1579 585 de

189 610 454 674 prudentia
468 611 683 675 politica.
753 610 975 674 Cumque
999 610 1158 658 omnis
1181 610 1333 658 animi
1354 610 1579 674 voluptas

190 687 447 752 omnisque
469 688 696 736 alacritas
718 687 770 734 in
804 702 863 734 eo
887 685 983 734 sita
1005 686 1086 745 sit,
1112 685 1245 750 quod
1269 686 1377 748 quis
1400 686 1579 736 habeat

190 762 480 826 quibuscum
519 762 774 811 conferens
809 777 877 821 se,
907 762 1065 825 possit
1102 762 1361 825 magnifice
1398 764 1578 812 sentire

190 837 252 887 de
275 854 328 887 se
349 838 487 902 ipso;
523 838 819 903 impossibile
843 844 918 886 est
952 837 1071 901 quin
1095 837 1261 886 odium
1285 846 1336 886 et
1359 847 1579 887 contem-

188 920 296 963 tum
341 922 569 962 mutuum
608 914 870 963 ostendant
906 913 1170 977 aliquando
1215 914 1292 962 vel
1337 914 1454 973 risu,
1500 915 1578 963 vel

189 989 366 1049 verbis,
407 989 486 1038 vel
530 997 688 1054 gestu,
726 990 804 1038 vel
845 989 1010 1053 aliquo
1047 990 1205 1053 signo,
1246 1006 1343 1053 qua
1379 991 1579 1054 quidem

188 1065 324 1115 nulla
368 1066 524 1129 major
563 1066 714 1114 animi
761 1073 835 1114 est
879 1066 1119 1125 molestia,
1167 1082 1326 1130 neque
1373 1082 1433 1114 ex
1481 1084 1578 1131 qua

186 1141 398 1193 laedendi
420 1142 572 1191 libido
595 1144 753 1206 major
775 1142 892 1190 oriri
915 1142 1055 1190 solet.

224 1218 225 1221 ’
253 1222 302 1265 6.
339 1217 752 1282 Frequentissima
774 1225 941 1265 autem
978 1233 1141 1276 661156,
1176 1233 1325 1280 quare
1353 1218 1576 1266 homines
1594 1224 1641 1252 Ab
1654 1223 1785 1274 §rpem

187 1309 241 1343 se
276 1302 448 1342 mutuo
494 1293 672 1342 laedere
712 1294 931 1357 cupiunt,
971 1310 1031 1341 ex
1073 1310 1130 1342 60
1168 1294 1401 1353 nascitur,
1445 1294 1578 1358 quod
1592 1267 1794 1340 Ξὲζῖἓιῗηω

138 1435 140 1437 v
186 1370 331 1419 multi
371 1371 518 1419 simul
569 1371 777 1419 eandem
821 1386 927 1418 rem
972 1378 1223 1434 appetant,
1271 1387 1367 1434 qua
1411 1379 1577 1419 tamen

184 1446 453 1511 saepissime
475 1462 634 1510 neque
669 1446 766 1495 frui
803 1447 1144 1505 communiter,
1168 1463 1326 1510 neque
1361 1446 1578 1495 dividere

185 1530 424 1587 possunt;
480 1522 613 1571 unde
659 1522 895 1586 sequitur,
943 1522 1135 1570 fortiori
1181 1523 1391 1571 dandam
1438 1539 1578 1580 esse;

186 1599 297 1663 quis
315 1606 481 1648 autem
503 1599 678 1647 fortior
700 1599 780 1658 sit,
804 1615 970 1662 pugna
987 1598 1309 1662 judicandum
1333 1607 1421 1647 est.

256 1676 304 1730 7.
341 1675 479 1724 Inter
500 1675 818 1739 totlpericula
853 1675 1020 1738 igitur,
1045 1691 1155 1738 quae
1179 1675 1396 1739 quotidie
1432 1691 1462 1723 a
1493 1692 1577 1723 cu-
1596 1684 1829 1737 Dqfinitiojqris,

185 1750 396 1814 piditate
418 1751 675 1799 hominum
698 1750 911 1799 naturali
934 1751 1200 1814 unicuique
1224 1767 1393 1799 eorum
1416 1752 1576 1799 inten-
1594 1733 1701 1768 emme
1715 1730 1792 1758 ‘m'

189 1826 392 1885 duntur,
418 1842 591 1874 cavere
610 1827 704 1874 sibi
727 1826 850 1874 adeo
873 1826 1251 1890 vituperandum
1274 1844 1375 1875 non
1407 1834 1497 1886 est,
1520 1836 1578 1876 ut

64 1919 69 1961 j,
122 1964 125 1967 K
186 1901 333 1951 aliter
376 1902 500 1951 velle
545 1902 708 1950 facere
753 1919 855 1951 non
900 1903 1156 1966 possimus.
1226 1904 1401 1951 Fertur
1446 1904 1577 1952 enim

188 1979 522 2043 unusquisque
539 1978 603 2026 ad
620 1979 974 2043 appetitionem
994 1980 1098 2043 ejus
1114 1979 1246 2043 quod
1264 1979 1356 2028 sibi
1377 1980 1576 2039 bonum,

187 2061 242 2103 et
263 2054 327 2103 ad
347 2055 517 2119 fugam
540 2056 643 2119 ejus
667 2055 801 2119 quod
825 2055 917 2104 sibi
939 2055 1122 2103 malum
1144 2062 1235 2123 est,
1259 2056 1468 2104 maxime
1491 2072 1576 2104 au-

186 2137 293 2180 tem
328 2130 528 2179 maximi
557 2131 796 2180 malorum
833 2131 1146 2191 naturalium,
1171 2148 1280 2196 quae
1304 2140 1379 2180 est
1414 2130 1576 2188 m0rs3

187 2205 338 2271 idque
355 2207 648 2255 necessitate
664 2207 873 2271 quadam
887 2215 1077 2256 naturae
1090 2224 1190 2257 non
1206 2208 1409 2268 minore,
1429 2224 1578 2271 quam

187 2299 289 2348 qua
310 2283 468 2332 fertur
503 2283 626 2347 lapis
662 2283 908 2332 deorsum.
977 2284 1094 2332 Non
1130 2284 1282 2348 igitur
1313 2284 1578 2332 absurdum

159 2388 162 2391 Δ
189 2373 350 2423 neque
367 2358 827 2423 reprehendendum
847 2374 1006 2422 neque
1022 2366 1194 2408 contra
1217 2368 1402 2408 rectam
1427 2359 1578 2408 ratio-

188 2449 305 2483 nem
328 2443 418 2492 est,
453 2434 494 2482 si
518 2435 628 2498 quis
652 2451 847 2483 omnem
870 2451 1070 2499 operam
1093 2435 1192 2495 det,
1219 2445 1277 2484 ut
1298 2453 1329 2484 a
1345 2443 1504 2484 morte
1528 2444 1579 2484 et

187 2509 439 2559 doloribus
474 2511 726 2574 proprium
772 2526 949 2574 corpus
990 2519 1042 2560 et
1085 2513 1304 2560 membra
1349 2512 1580 2560 defendat

191 2594 560 2650 conservetque.
606 2586 755 2635 Quod
768 2594 932 2635 autem
947 2595 1120 2636 contra
1138 2595 1323 2637 rectam
1339 2589 1579 2639 rationem

189 2676 294 2711 non
311 2669 403 2722 est,
417 2662 470 2711 id
487 2663 621 2726 juste
637 2671 688 2711 61
699 2664 825 2726 jure
847 2663 1031 2711 factum
1055 2681 1222 2713 omnes
1240 2665 1424 2713 dicunt.
1479 2666 1579 2714 Ne-

188 2753 287 2803 que
332 2739 463 2787 enim
495 2739 638 2802 juris
675 2739 873 2787 nomine
910 2739 1044 2788 aliud
1089 2740 1393 2804 significatur
1432 2758 1580 2805 quam

189 2812 406 2874 libertas,
432 2829 579 2878 quam
598 2815 802 2879 quisque
824 2816 973 2864 habet
1002 2815 1317 2865 facultatibus
1344 2818 1580 2869 naturali-

190 2888 283 2938 bus
319 2891 588 2940 secundum
627 2899 811 2941 rectam
850 2892 1090 2941 rationem
1131 2893 1319 2941 utendi.
1407 2894 1579 2957 Itaque

1340 2985 1381 3018 M
1408 2984 1427 3014 2
