2020 3262
462 251 550 293 166
1020 263 1302 298 LIBERTAS.

200 393 326 426 snc'r
344 392 413 427 111
453 385 567 419 vero
590 372 681 420 ab
668 373 800 420 mani
819 373 893 420 sui
909 374 1228 422 aestimatione
1247 374 1481 430 derivant,
1501 374 1541 422 si
1558 373 1743 422 addas
1724 390 1827 438 Jam

292 445 322 476 Ῑ’·’
447 447 528 510 jus
551 448 763 495 omnium
787 449 839 496 in
862 450 1037 508 omnia,
1063 466 1157 512 quo
1190 450 1312 497 alter
1330 450 1451 511 jure
1481 449 1680 509 invadit,
1703 450 1829 498 alter

439 523 561 584 jure
579 522 757 570 resistit
759 530 926 586 ,atque
941 540 1001 571 ex
1016 540 1111 586 quo
1129 525 1352 572 oriuntur
1367 524 1582 571 omnium
1596 524 1827 573 adversus

453 613 618 645 omnes
648 606 896 661 perpetuae
928 600 1221 662 suspiciones
1253 607 1303 647 et
1334 599 1564 656 studium,
1595 606 1644 647 et
1678 615 1826 662 quam

452 672 643 721 difficile
669 674 731 721 sit
752 690 1024 736 praecavere
1042 675 1204 722 hostes
1221 691 1370 738 parvo
1390 691 1592 723 numero
1613 681 1662 723 et
1679 691 1825 739 appa-

449 754 573 806 ratu,
599 764 710 795 cum
744 748 903 796 animo
939 765 1028 796 nos
1063 749 1388 812 praevertendi
1425 749 1828 812 opprimendique

448 822 742 882 invadentes,
761 824 929 886 negari
947 840 1046 871 non
1063 831 1239 887 potest,
1261 825 1378 887 quin
1397 831 1548 872 status
1571 825 1824 873 hominum

445 898 678 945 naturalis
709 905 970 961 antequam
1000 900 1050 945 in
1085 899 1364 946 societatem
1392 900 1618 958 coire-tur,
1641 899 1823 948 bellum

445 973 593 1020 fuerit
609 994 624 1028 ;.
655 989 812 1035 neque
843 974 936 1021 hoc
967 974 1263 1037 simpliciter,
1289 974 1374 1021 sed
1403 974 1584 1022 bellum
1606 976 1824 1024 omnium

165 1059 284 1110 Beflifft
294 1061 375 1097 pacis
447 1048 498 1095 in
522 1064 701 1095 omnes.
771 1049 1001 1097 BELLUM
1026 1049 1154 1096 enim
1178 1049 1295 1112 quid
1317 1056 1404 1108 est,
1432 1056 1609 1112 praeter
1631 1057 1826 1114 tempus

164 1102 350 1132 aefimnones.
446 1123 581 1180 illud,
604 1123 655 1170 in
679 1139 773 1185 quo
794 1123 1019 1171 voluntas
1047 1124 1266 1172 certandi
1294 1140 1382 1187 per
1411 1125 1509 1172 vim
1539 1125 1697 1173 verbis
1719 1125 1824 1173 fac-'

443 1198 567 1245 tisve
613 1198 730 1245 satis
775 1197 1081 1246 declaratur?
1165 1200 1375 1262 Tempus
1419 1199 1659 1262 reliquum
1705 1201 1820 1249 PAx

441 1281 658 1321 vocatur.

162 1353 279 1382 Bellum
292 1364 402 1384 eomer
515 1355 590 1396 13.
615 1349 970 1412 Sempiternum
985 1356 1146 1397 autem
1164 1349 1342 1396 bellum
1361 1366 1505 1412 quam
1522 1365 1695 1412 parum
1712 1350 1824 1398 ido-

159 1397 426 1472 ζὲῗῖἓηῗᾚῖω
442 1439 535 1470 nea
556 1439 632 1470 res
657 1423 720 1470 sit
750 1423 814 1470 ad
840 1423 1254 1471 conservationem
1279 1425 1356 1471 vel
1382 1425 1582 1472 humani
1608 1426 1818 1488 generis,

438 1499 515 1546 vel
537 1498 1027 1561 uniuscujuscumque
1049 1496 1273 1557 hominis,
1291 1499 1432 1547 facile
1450 1500 1714 1562 judicatur.
1749 1501 1821 1548 At

439 1589 526 1620 sua
547 1579 723 1620 natura
746 1572 1091 1635 sempiternum
1115 1580 1205 1630 est,
1231 1573 1363 1636 quod
1392 1589 1494 1636 prae
1523 1575 1817 1623 certantium

437 1648 714 1711 aequalitate
744 1648 948 1695 victoria
982 1648 1116 1695 nulla
1144 1656 1306 1711 potest
1332 1649 1490 1704 finiri3
1527 1650 1579 1697 in
1602 1666 1660 1698 eo
1685 1651 1814 1698 0111111

434 1723 550 1786 ipsis
573 1723 838 1771 victoribus
855 1723 1124 1786 periculum
1147 1739 1336 1786 semper
1353 1723 1473 1771 adeo
1497 1724 1733 1784 imminet,
1756 1734 1818 1774 ut

433 1814 524 1860 pro
546 1799 780 1846 miraculo
800 1799 968 1846 haberi
992 1798 1182 1857 debeat,
1199 1798 1239 1845 si
1257 1799 1378 1861 quis,
1400 1815 1692 1863 quamquam
1713 1800 1816 1848 for-

433 1873 661 1932 tissimus,
680 1874 819 1921 annis
837 1881 887 1921 et
905 1880 1152 1921 senectute
1168 1873 1494 1921 conficiendus
1513 1874 1591 1921 sit.
1637 1875 1814 1923 Exem-

433 1949 568 2011 plum
581 1950 694 1996 huic
712 1950 783 1996 rei
797 1949 1026 1996 saeculum
1040 1964 1252 2012 praesens
1266 1948 1579 1996 Americanos
1594 1950 1813 2006 exhibet;

434 2024 611 2072 saecula
632 2025 832 2087 antiqua
850 2032 1049 2072 caeteras
1073 2031 1258 2087 gentes,
1277 2040 1408 2071 nunc
1426 2024 1621 2086 quidem
1645 2025 1819 2074 civiles

433 2099 771 2162 florentesque,
805 2106 923 2146 tunc
957 2115 1071 2147 vero
1102 2115 1299 2162 paucos,
1330 2098 1474 2158 feros,
1505 2099 1666 2147 brevis
1699 2101 1809 2160 aevi,

431 2190 682 2237 pauperes,
704 2174 878 2233 foedos,
897 2174 1030 2221 omni
1053 2190 1109 2222 eo
1132 2174 1246 2221 vitae
1270 2173 1440 2221 solatio
1463 2181 1610 2237 atque
1633 2183 1810 2224 ornatu

432 2257 666 2308 carentes,
699 2265 844 2312 quem
873 2265 970 2311 pax
1001 2257 1051 2296 et
1086 2249 1291 2297 societas
1324 2249 1598 2297 ministrare
1633 2250 1809 2299 solent.

433 2324 740 2387 Quicumque
761 2324 911 2387 igitur
933 2324 1226 2371 manendum
1249 2324 1301 2371 in
1324 2339 1380 2372 eo
1400 2331 1530 2372 statu
1546 2327 1804 2386 censuerit,

429 2399 479 2446 in
505 2416 599 2462 quo
624 2400 785 2446 omnia
816 2399 995 2447 liceant
1027 2400 1267 2458 omnibus,
1298 2400 1588 2447 contradicit
1610 2401 1806 2450 sibimet

428 2474 533 2536 ipsi.
582 2475 710 2522 Nam
732 2475 1060 2537 unusquisque
1081 2474 1290 2522 naturali
1311 2475 1597 2522 necessitate
1620 2476 1800 2525 bonum

430 2549 519 2596 sibi
550 2549 750 2612 appetit,
784 2565 942 2612 neque
976 2556 1049 2596 est
1080 2550 1332 2612 quisquam
1363 2549 1443 2612 qui
1467 2550 1647 2597 bellum
1669 2551 1802 2600 istud

428 2626 643 2672 omnium
667 2632 838 2673 contra
868 2641 1050 2682 omnes,
1075 2625 1205 2688 quod
1235 2625 1321 2672 tali
1345 2625 1491 2672 statui
1513 2626 1806 2674 naturaliter

426 2699 656 2758 adhaeret,
672 2700 761 2747 sibi
777 2700 1022 2747 existimat
1036 2715 1139 2747 esse
1152 2700 1346 2747 bonum.
1365 2699 1527 2762 Atque
1542 2699 1609 2746 ita
1623 2702 1799 2759 evenit,

425 2782 481 2821 ut
503 2782 671 2822 mutuo
693 2781 827 2822 metu
846 2791 872 2821 e
897 2775 982 2822 tali
1006 2782 1137 2821 statu
1154 2773 1425 2821 exeundum
1442 2781 1491 2821 et
1511 2776 1805 2836 quaerendos

426 2850 578 2896 socios
602 2857 853 2912 putemus3
877 2858 933 2897 ut
952 2851 990 2897 si
1009 2850 1188 2897 bellum
1210 2848 1484 2896 habendum
1507 2849 1584 2907 sit,
1610 2866 1708 2898 non
1733 2852 1798 2899 sit

426 2932 587 2972 tamen
614 2932 784 2972 contra.
807 2940 986 2983 omnes,
1011 2941 1100 2971 nec
1125 2925 1225 2971 sine
1250 2923 1451 2970 auxiliis.
