2020 3262
495 240 593 285 330
808 280 810 283 .
1038 254 1342 292 mmmmm,

219 385 366 421 macr.
384 387 455 422 111,
494 378 663 426 poenas
680 365 873 429 exigere
888 386 902 423 3
935 367 988 416 in
1006 367 1219 417 secundo
1236 368 1479 433 obligatur
1495 368 1560 418 ad
1579 385 1752 435 poenas
1774 373 1872 424 exi>

331 439 382 471 ¹4⁴
492 440 677 504 gendas
699 441 818 506 ipse,
848 443 931 506 qui
957 459 1126 508 poenas
1158 444 1332 500 debet3
1368 444 1432 492 ad
1456 461 1575 509 quas
1599 447 1869 510 solvendas,

210 526 412 557 obedientiam
494 515 535 563 si
571 516 802 580 capitales
831 523 917 566 aut
952 518 1133 582 alioqui
1168 535 1341 582 graves
1378 519 1490 579 sint,
1532 521 1738 586 obligari
1769 538 1866 574 non

207 573 429 650 ἓξὲζῗῗζζῗξῖ
489 598 669 655 potest.
738 592 864 641 Utro
887 609 1003 641 vero
1026 609 1171 642 sensu
1192 594 1272 642 lex
1298 595 1583 659 accipienda
1604 597 1681 658 sit,
1705 598 1767 647 ab
1789 615 1868 648 ar—

198 660 470 706 vmmetl'ffliwm‘
487 667 635 716 bitrio
655 666 898 732 dependet
915 670 1034 732 ejuS,
1054 670 1136 733 qui
1159 686 1402 719 summum
1423 671 1571 721 habet
1591 671 1865 738 imperium.

489 743 587 792 Ubi
620 760 736 808 ergo
771 745 831 793 de
867 745 1107 794 sententia
1140 746 1261 809 legis
1299 746 1564 809 dubitatur,
1598 749 1714 813 quia
1746 751 1867 800 certi
1907 805 1911 809 ⁴

488 835 653 868 sumus
675 836 775 868 non
796 837 1001 885 peecare
1025 822 1108 884 qui
1138 837 1240 871 non
1266 822 1468 883 faciunt,
1493 831 1750 888 peceatum
1773 826 1866 876 erit

486 895 527 943 si
565 896 784 957 facimus,
817 905 1067 961 utcunque
1103 898 1183 946 lex
1222 906 1396 962 postea
1429 900 1661 964 explicari
1694 902 1862 966 possit.

484 971 613 1020 Nam
631 973 763 1036 quod
777 972 970 1022 dubitas
987 990 1051 1022 an
1068 974 1131 1022 sit
1148 982 1405 1038 peccatum
1421 992 1591 1036 necne,
1615 976 1668 1024 id
1686 976 1863 1038 faeere,

483 1063 595 1095 cum
618 1048 859 1099 abstinere
881 1049 1088 1098 liberum
1119 1050 1196 1110 sit,
1222 1053 1521 1116 contemptio
1556 1053 1722 1116 legum
1759 1061 1862 1111 θεῖς

481 1123 703 1186 ideoque,
742 1139 831 1187 per
877 1125 1047 1188 eapitis
1099 1126 1233 1173 tertii
1278 1126 1538 1175 articulum
1573 1128 1863 1192 vigesimum

482 1205 724 1258 octavum,
748 1207 1006 1263 peecatum
1029 1209 1200 1251 contra
1227 1202 1386 1266 legem
1424 1204 1711 1255 naturalem.
1780 1206 1863 1254 In-

479 1274 584 1321 anis
607 1274 756 1337 igitur
780 1283 855 1323 est
878 1275 1126 1324 distinctio
1148 1277 1230 1326 illa
1254 1277 1549 1329 obedientia²
1570 1280 1623 1328 in
1646 1280 1861 1330 activam

479 1356 528 1396 et
542 1349 804 1413 passivam
817 1369 837 1405 ;
873 1351 1010 1414 quasi
1037 1352 1194 1414 poenis
1227 1353 1440 1405 humano
1464 1355 1666 1403 arbitrio
1688 1356 1859 1420 positis

477 1424 662 1487 expiari
701 1426 870 1487 possit,
912 1426 1044 1488 quod
1082 1435 1339 1490 peecatum
1379 1437 1452 1481 est
1493 1438 1666 1479 eontra
1699 1432 1858 1496 legem

475 1500 764 1560 naturalem,
784 1517 891 1564 quae
909 1509 984 1550 est
1001 1502 1080 1550 lex
1099 1503 1191 1552 Dei
1207 1525 1220 1561 ;
1256 1511 1341 1554 aut
1358 1507 1496 1569 quasi
1518 1523 1617 1556 non
1635 1515 1856 1572 peccent,

476 1573 559 1637 qui
581 1584 790 1639 peceant
812 1593 898 1625 suo
923 1577 1116 1627 damno.

1014 2252 1272 2277 11
