2020 3262
509 247 604 289 226
1041 258 1345 292 IMPERIUM.

249 382 374 419 sEcT,
397 388 465 422 111,
507 368 720 415 nectitur
764 369 940 417 civium
987 371 1281 429 obedientia,
1330 377 1512 432 quanta
1557 370 1620 417 ad
1676 370 1885 418 civitatis

349 439 376 469 6.

261 484 450 507 *qr—d

505 443 720 506 regimen
751 446 1024 493 necessario
1056 446 1335 508 requiritur,
1360 444 1411 491 id
1440 453 1528 503 est,
1553 452 1692 492 tanta
1714 454 1771 493 ut
1804 447 1885 509 jus

227 530 330 559 Eidem
345 532 487 560 acivibus
504 518 624 565 illud
640 518 822 567 frustra
844 537 943 568 non
967 520 1029 567 sit
1053 536 1351 568 concessum.
1406 520 1700 582 Hujusmodi
1722 528 1885 568 autem

224 573 376 610 imperium
410 575 489 603 abso-

223 615 328 652 lutum,
341 622 395 647 etc.

504 593 842 653 obedientiam,
866 595 980 643 licet
1004 611 1062 642 ea
1093 595 1333 658 aliquibus
1358 594 1418 641 de
1442 595 1598 642 causis
1626 595 1885 658 aliquando

503 669 671 731 negari
701 671 810 732 jure
833 670 1001 732 possit,
1028 671 1142 733 quia
1165 678 1330 717 tamen
1352 670 1574 732 praestari
1596 671 1754 733 major
1786 686 1886 720 non

501 751 678 806 potest,
706 760 1011 792 SIMPLICEM
1037 745 1334 799 vocabimus,
1384 745 1615 792 Nascitur
1637 754 1800 793 autem
1823 746 1886 794 ad

503 835 610 866 eam
648 821 976 882 praestandam
1017 820 1248 883 obligatio
1284 836 1384 868 non
1423 820 1702 868 immediate
1737 836 1797 868 ex
1827 837 1885 869 eo

502 904 661 956 pacto,
685 895 736 942 in
761 912 856 958 quo
875 897 955 958 jus
971 905 1194 943 nostrum
1218 911 1361 943 omne
1376 895 1439 943 ad
1463 895 1710 943 civitatem
1731 903 1886 944 trans-

502 970 701 1017 tulimus
722 988 733 1024 ;
770 971 855 1017 sed
878 970 1102 1028 mediate,
1126 986 1299 1033 nempe
1324 987 1384 1018 ex
1410 987 1467 1018 eo
1493 970 1624 1033 quod
1643 971 1747 1018 sine
1771 972 1884 1020 obe-

503 1044 686 1092 dientia
704 1047 784 1108 jus
819 1046 1008 1108 imperii
1031 1046 1214 1093 frustra
1237 1054 1378 1104 esset,
1399 1054 1449 1092 et
1471 1062 1559 1108 per
1583 1062 1884 1108 consequens

502 1122 698 1169 omnino
724 1122 991 1169 constituta
1014 1122 1182 1169 civitas
1210 1137 1310 1168 non
1327 1121 1513 1169 fuisset.
1583 1121 1732 1168 Aliud
1754 1121 1885 1168 enim

501 1205 575 1243 est
607 1197 647 1243 si
672 1197 795 1255 dico,
810 1198 900 1259 jus
925 1197 1017 1244 tibi
1043 1197 1105 1244 do
1129 1196 1375 1260 quidlibet
1400 1196 1683 1260 imperandi
1698 1215 1715 1249 ;
1745 1197 1884 1245 aliud

497 1271 541 1318 si
557 1271 680 1330 dico,
695 1272 900 1334 faciam
924 1272 1166 1335 quicquid
1180 1271 1465 1335 imperabiS.
1503 1272 1762 1334 Potestque
1786 1272 1884 1319 tale

500 1362 602 1393 esse
639 1347 938 1405 mandatum,
977 1354 1032 1394 ut
1071 1346 1282 1394 interfici
1319 1346 1482 1393 malim
1520 1362 1665 1408 quam
1703 1346 1881 1395 facere.

502 1420 751 1483 Siquidem
775 1437 890 1484 ergo
915 1422 1071 1468 teneri
1093 1437 1237 1468 nemo
1261 1429 1423 1483 potest
1443 1429 1500 1468 ut
1517 1421 1634 1468 velit
1656 1421 1880 1480 interfici,

499 1496 653 1543 multo
678 1496 836 1543 minus
862 1504 1056 1544 tenetur
1079 1496 1141 1544 ad
1165 1496 1215 1543 id
1239 1496 1370 1558 quod
1393 1503 1549 1543 morte
1574 1504 1648 1543 est
1670 1498 1879 1559 gravius.

501 1571 552 1618 Si
571 1572 744 1633 jubear
781 1588 897 1634 ergo
938 1572 1211 1619 interficere
1253 1572 1503 1633 meipsum,
1545 1587 1644 1618 non
1680 1579 1878 1619 teneor:

499 1663 612 1694 nam
637 1647 727 1694 etsi
750 1663 1008 1710 negavero,
1032 1663 1123 1694 1100
1139 1647 1218 1709 jus
1237 1645 1426 1708 imperii
1449 1645 1633 1693 frustra
1656 1653 1745 1704 est,
1771 1662 1882 1694 cum

499 1723 581 1769 alii
603 1722 772 1769 haberi
806 1723 1010 1785 possint,
1036 1722 1119 1785 qui
1155 1721 1207 1768 id
1229 1721 1388 1768 facere
1408 1720 1530 1783 jussi
1566 1736 1667 1767 non
1689 1737 1883 1770 recusa-

498 1798 638 1855 bunt,
679 1814 837 1860 neque
878 1798 930 1845 id
969 1813 1139 1845 recuso
1181 1797 1312 1859 quod
1351 1797 1512 1843 facere
1552 1803 1723 1858 pactus
1760 1812 1880 1845 sum.

502 1873 735 1920 Similiter
772 1873 813 1920 si
848 1873 904 1931 is,
946 1873 1028 1935 qui
1065 1888 1305 1920 summum
1346 1872 1494 1918 habet
1532 1871 1802 1933 imperium,
1831 1888 1883 1920 se

500 1949 672 2011 ipsum,
697 1950 1017 2011 imperantem
1041 1948 1166 2006 dico,
1190 1948 1463 1994 interficere
1493 1946 1639 1993 0110111
1661 1946 1882 2009 imperet,

499 2040 600 2070 non
622 2031 814 2071 tenetur
835 2042 845 2070 z
883 2023 998 2085 quia
1020 2023 1228 2085 intelligi
1247 2038 1347 2069 non
1363 2028 1539 2084 potest,
1555 2028 1610 2068 ut
1640 2021 1691 2068 id
1707 2029 1880 2084 pactus

498 2099 660 2146 fuerit.
731 2099 903 2161 Neque
926 2106 1194 2161 parentem,
1221 2098 1320 2145 sive
1335 2097 1375 2144 is
1400 2097 1646 2154 innocens,
1672 2096 1770 2144 sive
1792 2113 1881 2144 no-

499 2190 612 2222 cens
636 2175 715 2231 sit,
740 2182 791 2221 et
809 2176 920 2237 jure
945 2173 1294 2221 condemnatus
1316 2193 1327 2228 ;
1365 2187 1476 2219 cum
1499 2178 1548 2218 et
1571 2171 1651 2218 alii
1675 2171 1772 2219 sint
1795 2173 1879 2234 qui

497 2249 548 2296 id
570 2250 730 2297 facere
763 2250 886 2312 jussi
915 2249 1096 2307 volent,
1122 2258 1172 2295 et
1208 2249 1334 2295 filius
1371 2246 1495 2294 mori
1537 2262 1682 2309 quam
1715 2247 1878 2295 vivere

495 2325 688 2372 infamis
725 2335 871 2389 atque
895 2341 1068 2372 exosus
1092 2324 1242 2371 malit.
1313 2322 1460 2370 Multi
1483 2322 1563 2368 alii
1587 2337 1725 2369 casus
1749 2332 1876 2383 sunt,

495 2401 547 2448 in
588 2401 776 2463 quibus,
803 2417 914 2447 cum
948 2399 1181 2447 mandata
1216 2398 1322 2446 aliis
1354 2396 1551 2460 quidem
1573 2395 1706 2444 factu
1738 2397 1878 2446 inho-
1950 2404 1953 2407 ⁴

493 2484 632 2524 nesta
655 2484 782 2534 sunt,
807 2476 913 2523 aliis
937 2484 1102 2522 autem
1125 2490 1225 2521 non
1265 2481 1393 2530 sunt,
1418 2471 1695 2519 obedientia
1716 2474 1777 2520 ab
1801 2474 1877 2522 his

493 2552 729 2614 praestari,
755 2551 816 2598 ab
840 2551 933 2597 illis
947 2550 1117 2612 negari
1135 2550 1246 2612 jure
1269 2554 1432 2611 potest
1453 2566 1464 2593 ε
1501 2553 1646 2609 atque
1669 2547 1721 2594 id
1744 2549 1876 2597 salvo

487 2628 613 2689 jure,
662 2626 793 2688 quod
838 2625 1095 2687 imperanti
1136 2638 1417 2671 concessum
1462 2630 1535 2668 est
1581 2621 1873 2673 absolutum.

494 2702 623 2748 Nam
646 2702 715 2748 illi
743 2701 794 2748 111
817 2700 951 2748 1111110
976 2716 1091 2747 casu
1115 2715 1211 2758 eos,
1245 2696 1328 2760 qui
1362 2696 1686 2744 obedientiam
1726 2715 1875 2762 nega-

493 2777 631 2835 bunt,
655 2775 978 2823 interficiendi
1010 2777 1089 2838 jus
1114 2773 1357 2822 adimitur.
1430 2772 1674 2819 Caeterum
1699 2774 1782 2836 qui
1805 2775 1875 2822 sic

493 2851 806 2908 interficiunt,
845 2850 935 2897 etsi
972 2851 1081 2912 jure
1117 2864 1345 2896 concesso
1387 2847 1449 2894 ab
1486 2862 1544 2894 eo
1587 2847 1668 2908 qui
1707 2849 1870 2906 habet,
