2020 3262
426 248 522 291 220
967 260 1269 295 IMPEmUM.

165 388 291 419 sacr.
312 388 384 421 111.
425 367 645 416 homines
670 369 721 417 in
745 370 903 418 officio
929 372 1285 419 contineantur.
1358 370 1619 418 Securitati
1642 370 1807 434 itaque

262 439 293 468 ⁶·
426 458 525 490 non
560 445 748 507 pactis,
797 447 882 493 sed
912 447 1081 510 poenis
1121 446 1476 509 providendum
1513 453 1601 493 est.
1665 446 1806 493 Tunc

426 525 590 566 autem
615 520 731 567 satis
757 521 1005 583 provisum
1034 529 1122 579 est,
1149 538 1259 568 cum
1277 537 1435 584 poenae
1459 527 1609 568 tantae
1632 520 1683 567 in
1708 520 1807 567 sin-

424 593 563 656 gulas
581 592 787 658 injurias*
801 597 1177 655 constituuntur,
1193 604 1249 644 ut
1263 604 1430 659 aperte
1446 597 1601 659 majus
1623 595 1807 643 malum

425 668 488 716 sit
510 669 694 728 fecisse,
721 687 866 733 quam
901 688 1002 719 non
1034 672 1221 719 fecisse.
1292 673 1472 719 Omnes
1497 671 1627 718 enim
1649 670 1807 718 homi-

423 759 509 792 nes
548 746 837 792 necessitate
874 753 1063 793 naturae
1100 746 1150 793 id
1199 747 1401 809 eligunt,
1444 746 1573 809 quod
1610 745 1807 792 sibimet

424 819 553 883 ipsis
578 827 888 883 apparenter
914 820 1084 867 bonum
1109 830 1197 868 est.

143 901 358 973 ἣὲἑξαῗξωῶ,
491 900 536 942 5.
571 895 599 942 J
605 910 659 941 us
700 902 864 942 autem
898 911 1065 957 poenas
1101 896 1322 943 sumendi
1358 903 1476 943 tunc
1517 895 1808 959 intelligitur

141 954 161 982 ⁸
263 956 276 984 ³
351 956 394 974 π’
423 968 590 1016 datum
607 985 708 1016 esse
723 970 883 1028 alicui,
904 971 1099 1032 quando
1116 971 1448 1034 unusquisque
1465 970 1743 1034 paciscitur,
1754 986 1806 1018 se

421 1061 521 1092 non
540 1045 885 1093 auxiliaturum
900 1062 1003 1093 esse
1019 1046 1077 1104 ei,
1089 1047 1170 1108 qui
1184 1062 1352 1109 poenas
1369 1046 1571 1093 daturus
1587 1052 1675 1093 est.
1712 1045 1808 1093 Vo-

423 1121 543 1168 cabo
568 1130 730 1168 autem
742 1121 831 1182 jus
855 1121 948 1168 hoc
965 1121 1195 1185 gladium
1207 1122 1438 1184 justitiae.
1510 1121 1806 1184 Hujusmodi

422 1212 484 1242 au
509 1212 587 1243 em
617 1203 761 1259 pacta
796 1197 912 1244 satis
946 1197 1230 1260 plerumque
1269 1198 1529 1245 observant
1565 1196 1804 1255 homines,

422 1271 515 1318 nisi
538 1271 622 1318 ubi
639 1271 730 1333 ipsi
754 1271 830 1318 vel
848 1271 1042 1319 illorum
1063 1272 1271 1334 proximi
1294 1271 1528 1334 puniendi
1551 1278 1681 1318 sunt.

142 1359 403 1397 Gladiumjustitiae
489 1352 536 1393 6.
574 1346 820 1394 Quoniam
865 1362 980 1409 ergo
1032 1347 1095 1394 ad
1135 1347 1446 1394 securitatem
1487 1346 1803 1409 singulorum,

140 1412 404 1483 ξῖῗθῗιῇῗῖιὴῗξῖἰ
421 1427 566 1483 atque
602 1420 723 1468 adeo
748 1421 811 1468 ad
840 1437 1011 1484 pacem
1037 1431 1338 1469 communem
1365 1421 1690 1469 necessarium
1715 1428 1803 1481 est,

139 1489 216 1516 ‘³⁰³¹
231 1498 385 1517 summum·
419 1504 476 1543 ut
486 1497 577 1558 jus
601 1496 772 1543 utendi
791 1495 972 1559 gladio
988 1496 1051 1543 ad
1063 1513 1232 1559 poenas
1255 1497 1306 1543 in
1325 1497 1534 1559 aliquem
1552 1497 1803 1556 hominem,

419 1572 496 1619 vel
514 1570 773 1618 concilium
795 1570 1118 1618 transferatur
1137 1591 1149 1626 ;
1184 1571 1224 1618 is
1243 1571 1396 1628 hom-0,
1432 1571 1510 1625 vel
1546 1571 1667 1618 illud
1690 1588 1804 1618 con-

421 1647 604 1704 cilium,
638 1645 910 1693 necessario
946 1645 1234 1708 intelligitur
1263 1662 1488 1692 Summum
1520 1646 1571 1693 in
1607 1646 1804 1694 civitate

423 1721 682 1785 imperium
702 1722 811 1784 jure
833 1721 1029 1768 habere.
1102 1721 1201 1769 Qui
1220 1721 1353 1768 enim
1376 1737 1408 1784 p
1428 1740 1438 1762 ι
1457 1737 1545 1768 nas
1564 1736 1650 1768 suo
1674 1722 1803 1769 arbi-

422 1798 518 1845 trio
550 1798 660 1859 jure
702 1797 864 1855 sumit,
884 1797 995 1858 jure
1030 1812 1198 1844 omnes
1237 1795 1368 1859 cogit
1392 1796 1455 1844 ad
1489 1795 1667 1854 omnia,
1693 1812 1804 1858 quae

420 1874 525 1936 ipse
547 1872 681 1927 vult;
719 1888 815 1935 quo
855 1871 1113 1934 imperium
1146 1872 1302 1934 majus
1327 1871 1593 1934 excogitari
1615 1871 1804 1919 nullum

420 1954 601 2011 potest.

181 2037 320 2065 Gladium
337 2037 405 2065 beni
489 2025 534 2077 7.
572 2023 771 2070 Frustra
793 2029 955 2070 autem
987 2038 1159 2085 pacem
1195 2022 1323 2069 inter
1347 2038 1399 2070 se
1437 2021 1618 2081 colunt,
1643 2021 1726 2085 qui
1749 2037 1800 2069 se

179 2090 267 2151 {ff
281 2080 405 2108 eundem
422 2105 595 2145 contra
613 2106 839 2144 externos
854 2097 982 2144 tueri
998 2113 1099 2144 non
1121 2105 1326 2160 possunt
1347 2117 1359 2152 ;
1394 2111 1553 2159 neque
1575 2096 1800 2158 possibile

423 2181 497 2220 est
536 2173 594 2220 iis
641 2188 692 2219 se
729 2172 880 2219 tutari
923 2179 1095 2219 contra
1131 2179 1372 2230 externos,
1416 2186 1622 2234 quorum
1655 2171 1798 2230 vires,

421 2248 573 2296 unitae
597 2264 698 2295 non
736 2254 847 2296 sunt
870 2268 882 2303 ;
918 2247 1126 2309 ideoque
1150 2247 1477 2294 necessarium
1511 2252 1585 2293 est
1615 2245 1678 2292 ad
1701 2245 1797 2293 sin-

421 2324 648 2387 gulorum
672 2323 1107 2381 conservationem,
1131 2330 1188 2369 ut
1223 2323 1286 2370 sit
1310 2321 1568 2369 concilium
1601 2321 1800 2384 aliquod

420 2415 577 2456 unum,
596 2399 673 2446 vel
711 2398 848 2445 homo
873 2414 997 2445 umas·
1022 2398 1104 2461 qui
1122 2399 1202 2461 jus
1225 2397 1404 2445 habeat
1427 2396 1661 2454 armandi,
1681 2390 1798 2444 conl

418 2474 670 2536 gregandi,
704 2480 754 2521 et
788 2473 991 2520 uniendi
1025 2480 1100 2521 tot
1142 2473 1270 2520 cives
1306 2473 1357 2520 in
1399 2471 1529 2520 omni
1562 2471 1795 2534 periculo,

419 2549 497 2595 vel
521 2549 791 2607 occasione,
817 2557 937 2611 quot
971 2565 1059 2611 pro
1096 2549 1282 2596 incerto
1306 2563 1508 2595 numero
1543 2553 1593 2594 et
1614 2546 1796 2594 viribus

417 2624 630 2671 hostium
677 2623 740 2671 ad
786 2640 1092 2671 communem
1133 2622 1460 2671 defensionem
1506 2637 1625 2683 opus
1671 2621 1795 2678 erit;

419 2714 679 2761 rursusque
717 2715 829 2746 cum
873 2698 1094 2745 hostibus
1136 2697 1322 2760 quoties
1364 2695 1585 2758 expediet
1625 2711 1797 2758 pacem

418 2773 642 2820 faciendi.
712 2772 1090 2835 Intelligendum
1114 2789 1230 2835 ergo
1256 2778 1330 2819 est
1353 2770 1567 2833 singulos
1592 2771 1720 2818 cives
1743 2771 1795 2818 in

417 2864 558 2895 unum
597 2848 673 2895 vel
713 2847 947 2895 hominem
984 2847 1061 2894 vel
1096 2845 1357 2895 concilium
1392 2851 1549 2893 totum
1585 2845 1680 2893 hoc
1703 2846 1795 2907 jus
