1994 3276
510 238 582 271 DE
610 237 975 272 NECESSARHS
1001 237 1074 271 AD
1103 240 1377 275 SALUTEM.
1544 235 1635 278 421

243 365 468 413 quaenam
490 349 762 413 propositio
800 357 876 398 est
907 350 1190 413 objectum?
1263 353 1474 402 Quando
1512 356 1643 403 enim
1680 381 1809 414 5302
1825 381 1896 414 111,

241 425 464 484 dicimus,
489 425 638 473 credo
663 426 714 474 in
739 425 1057 481 CHRISTUM,
1078 425 1408 489 significamus
1442 430 1641 493 quidem
1768 433 1817 464 ¹⁸·

242 501 338 561 cui,
361 517 463 550 non
486 509 652 549 autem
671 501 797 566 quid
817 501 1076 550 credimus.
1146 502 1236 550 Est
1250 511 1415 551 autem
1439 506 1643 554 credere

240 577 292 626 in
307 577 623 637 Cflnls'rUM,
643 577 766 625 nihil
790 577 920 626 aliud
941 593 1088 640 quam
1104 578 1306 626 credere
1322 580 1351 627 J
1357 594 1509 628 ESUM
1535 598 1643 629 esse

239 653 555 710 CHRISTUM,
581 653 814 701 nimirum
850 668 1046 712 ILLUM,
1073 653 1157 716 qui
1191 655 1460 703 secundum
1489 656 1642 705 Mosis

237 737 290 778 et
326 729 686 793 Prophetarum
727 729 1111 777 Israeliticorum
1150 729 1382 778 vaticinia
1405 738 1642 781 venturus

237 813 344 854 erat
384 805 436 853 in
472 806 604 854 hunc
640 805 895 864 mundum,
937 805 1002 854 ad
1037 796 1388 853 instituendum
1429 823 1640 872 regnum

236 882 354 931 Dei.
406 881 466 929 Id
478 897 596 930 vero
611 881 731 929 satis
755 888 961 945 apparet
976 897 1036 929 ex
1053 881 1215 929 verbis
1233 882 1385 945 ipsius
1404 883 1639 932 CHRISTI

234 958 300 1008 ad
335 958 586 1007 Martham
625 957 755 1018 (Joh.
779 959 846 1006 xi.
871 964 953 1017 25,
986 963 1067 1016 26,
1093 958 1212 1020 27):
1248 958 1369 1024 Ego
1404 975 1525 1019 sum,
1566 960 1641 1008 in-

235 1035 356 1099 quit,
371 1034 680 1090 resurrectio
697 1041 747 1082 et
764 1034 897 1082 vita:
912 1034 999 1099 qui
1015 1049 1220 1098 elmon·
1242 1049 1303 1082 IN
1325 1050 1422 1094 ΜΕ,
1442 1035 1642 1084 etiamsi

233 1117 454 1160 mortuus
472 1110 665 1175 fuerit,
701 1110 832 1158 vivet
846 1129 864 1166 ;
901 1117 951 1158 et
978 1110 1133 1158 omnis
1164 1111 1251 1175 qui
1274 1111 1409 1170 vivit,
1437 1118 1487 1159 et
1513 1126 1642 1160 CRE-

234 1203 330 1236 ΜΤ
355 1202 417 1235 1·N
437 1201 536 1242 ME,
550 1202 646 1234 non
660 1186 900 1234 morietur
920 1186 970 1234 in
989 1193 1242 1235 oeternum.
1300 1186 1483 1235 Credis
1507 1187 1639 1236 hoc?

231 1263 327 1311 Ait
364 1261 460 1322 illi,
491 1261 663 1326 utique
686 1261 900 1309 Domine
932 1279 1027 1327 ego
1070 1262 1284 1321 credidi,
1318 1263 1439 1327 quia
1473 1278 1546 1312 TU
1573 1278 1636 1311 Es

232 1339 516 1388 CHRISTUS
548 1337 699 1400 filius
734 1336 836 1385 Dei
872 1338 986 1396 vivi,
1025 1338 1112 1402 qui
1150 1338 1201 1386 in
1242 1339 1369 1386 hunc
1409 1339 1638 1387 mundum

229 1413 425 1464 venisti.
496 1413 689 1462 Quibus
714 1414 876 1461 verbis
892 1413 1132 1472 videmuS‚
1160 1429 1420 1462 CREDERE
1449 1430 1510 1462 IN
1537 1430 1636 1474 ΜΕ,

197 1490 465 1554 explicari
499 1505 590 1553 per
628 1503 767 1542 QUIA
807 1505 880 1538 TU
920 1504 982 1537 Es
1024 1489 1326 1539 CHRISTUS.
1396 1491 1486 1538 Est
1518 1507 1636 1554 ergo

229 1566 439 1615 credere
477 1565 527 1613 in
566 1565 867 1614 CHRISTUM
908 1565 1030 1613 nihil
1064 1566 1212 1625 aliud,
1246 1583 1394 1630 quam
1432 1566 1633 1614 credere

227 1643 322 1708 ipsi
343 1643 485 1691 JESU
510 1641 697 1689 dicenti
721 1657 772 1688 se
797 1657 902 1689 esse
928 1641 1242 1690 CHRISTUM.

295 1731 343 1774 6.
381 1724 803 1773 Concurrentibus
822 1724 886 1772 ad
901 1724 1109 1772 salutem
1116 1725 1233 1787 fide
1251 1732 1301 1773 et
1325 1725 1626 1786 obedientia,
1646 1733 1776 1764 Unicum
1794 1735 1899 1766 πᾶσι»

1615 1802 1624 1811 ,
1645 1777 1717 1813 lum,
1729 1779 1833 1808 Jesum
1854 1789 1918 1810 esso

227 1808 438 1864 utraque
461 1800 764 1859 necessariO,
791 1799 946 1863 qualis
965 1800 1029 1847 Sit
1057 1816 1116 1848 ea
1146 1799 1448 1860 obedientia,
1474 1809 1526 1850 et
1550 1818 1630 1850 cul
1648 1821 1914 1858 Christumfflw„

1647 1866 1757 1894 sarium
1781 1876 1844 1895 esse
1868 1868 1908 1897 ad

228 1877 410 1936 debita,
428 1882 756 1924 monstratum
781 1883 856 1924 est
879 1892 1040 1940 Supra,
1059 1877 1267 1926 articulo
1287 1883 1332 1926 3.
1404 1877 1631 1926 Articuli
1648 1909 1781 1944 salutem,
1800 1911 1904 1948 prob&

227 1962 393 2002 autem
400 1952 553 2017 fidei,
575 1951 775 2015 quinam
797 1952 1124 2015 requirantur,
1144 1952 1197 2000 id
1219 1970 1351 2001 nunc
1374 1953 1625 2017 inquiren·
1647 1955 1759 2026 {2³3¹
1769 1963 1875 2026 112001‘0

1735 2006 1770 2035 ge
1808 2001 1914 2027 tasum.

227 2030 347 2079 dum
361 2036 450 2078 est.
510 2028 635 2076 Dico
659 2035 824 2076 autem
848 2028 999 2076 alium
1016 2028 1278 2077 articulum
1291 2029 1434 2078 fidei*
1449 2036 1631 2094 praeter

281 2143 306 2165 ὕ
334 2138 431 2175 Dico
445 2139 572 2174 autem
587 2135 706 2173 alium
721 2135 928 2173 articulum
934 2135 1038 2188 fidei
1049 2141 1187 2189 proeter
1200 2137 1331 2188 huna]
1365 2138 1630 2177 Assertionem

226 2200 337 2244 hanc,
357 2210 474 2248 quam
492 2198 661 2236 novitate
675 2210 744 2235 sua
755 2198 942 2248 theologis
959 2199 1150 2250 plerisque
1165 2200 1365 2250 displicere
1378 2213 1490 2250 posse
1503 2201 1629 2245 video,

226 2261 297 2299 etsi
329 2261 420 2298 satis
444 2261 484 2297 in
517 2260 766 2310 sequentibus
796 2260 1071 2306 confirmatam,
1091 2262 1254 2312 amplius
1281 2267 1410 2300 tamen
1438 2263 1629 2312 explicare

224 2335 352 2373 operae
384 2322 550 2372 pretium
582 2333 663 2359 esse
695 2321 801 2358 duxi.
855 2321 985 2360 Primo
1015 2323 1145 2373 igitur,
1166 2336 1254 2360 cum
1283 2323 1487 2361 articulum
1511 2324 1626 2370 hunc,

223 2385 354 2422 Jesum
378 2396 453 2421 esse
474 2382 680 2427 Christum,
699 2383 823 2420 solum
854 2384 903 2421 ad
936 2384 1096 2422 salutem
1128 2386 1386 2423 necessarium
1418 2398 1499 2423 esse
1526 2385 1625 2431 dieo,

223 2457 301 2483 non
321 2445 408 2483 dico
426 2444 545 2482 solam
577 2444 693 2482 fidem
726 2445 774 2482 ad
806 2446 967 2484 salutem
998 2448 1250 2484 necessariam
1274 2460 1368 2492 esse,
1386 2447 1452 2485 sed
1471 2448 1626 2498 requiro

223 2507 339 2545 etiam
365 2506 566 2557 justitiam,
586 2506 666 2544 sive
698 2507 955 2545 obedientiam
983 2508 1132 2559 legibus
1161 2508 1235 2546 Dei
1264 2509 1443 2555 debitam,
1463 2510 1536 2547 hoc
1555 2514 1626 2553 est,

223 2569 461 2606 voluntatem
488 2573 592 2605 recte
619 2569 784 2606 vivendi.
841 2569 1030 2614 Secundo,
1064 2582 1140 2607 non
1170 2583 1269 2620 nego
1297 2571 1391 2621 quin
1416 2570 1625 2608 multorum

221 2630 384 2668 aliorum
416 2629 664 2667 articulorum
695 2629 891 2680 professio,
911 2631 943 2668 si
974 2631 1088 2669 modo
1119 2631 1306 2681 professio
1335 2644 1468 2670 eorum
1493 2633 1543 2670 ab
1563 2645 1625 2671 ec-

223 2692 339 2730 clesia
366 2692 587 2741 imperetur,
617 2691 667 2728 ad
699 2692 858 2729 salutem
892 2705 1047 2742 quoque
1084 2694 1296 2730 necessaria
1325 2695 1397 2738 sit3
1437 2694 1504 2731 sed
1536 2707 1625 2732 cum

221 2754 318 2792 fides
331 2754 493 2797 interna,
517 2753 703 2803 professio
722 2760 879 2792 externa
896 2755 956 2799 sit,
976 2755 1079 2792 illam
1097 2756 1250 2804 proprie
1268 2755 1398 2799 fidem,
1417 2756 1515 2794 hanc
1534 2756 1624 2794 obe-

223 2815 376 2853 dientiae
395 2821 544 2865 partem
562 2828 644 2853 esse
663 2815 762 2861 dico,
782 2816 835 2853 ita
853 2821 896 2853 ut
923 2815 1105 2853 articulus
1125 2814 1186 2854 ille
1216 2816 1264 2854 ad
1288 2816 1404 2854 fidem
1422 2818 1622 2863 internam,

223 2889 299 2915 non
319 2882 447 2918 autem
471 2878 519 2915 ad
539 2877 812 2928 professionem
834 2877 1043 2916 Christiani
1062 2878 1164 2916 solus
1182 2878 1357 2918 sufficiat.
1412 2879 1620 2927 Postremo,
