1982 3256
621 267 692 300 DE
718 265 966 310 vlsl0NE,
992 267 1107 301 ETc.
1483 259 1546 301 69

167 384 350 436 secent,
376 384 425 426 et
449 378 673 442 spatium,
692 377 823 441 quod
844 377 896 424 in
920 376 1080 424 retina
1103 383 1360 438 occupant,
1379 392 1543 426 rursus
1583 401 1711 434 sacer,
1737 402 1787 435 11,

168 453 342 501 evadat
365 454 675 502 contractius.
1678 456 1710 485 ⁸·

234 529 517 577 Notandum
551 530 630 577 hic
666 534 739 576 est
762 528 893 591 quod
928 527 1101 575 vitium
1139 526 1409 586 oculorum,
1449 544 1544 590 quo

164 603 391 653 laborant
406 621 558 664 senes,
578 605 798 653 consistit
814 604 1098 667 plerumque
1115 603 1167 650 in
1185 602 1336 650 nimia
1348 603 1544 666 pupillae

165 679 465 729 dilatatione.
551 681 679 729 Nam
702 687 752 728 et
775 680 878 727 sine
903 679 1111 743 dioptro,
1136 678 1282 726 modo
1304 694 1392 741 per
1413 678 1543 726 fora-

163 769 277 803 men
312 755 511 819 aliquod
547 755 732 819 pupilla
766 755 926 802 minus
962 755 1209 818 objectum
1244 754 1542 813 intueantur,

163 846 261 894 quo
297 831 538 894 contingit
573 831 734 879 radios
770 831 896 890 illos,
921 831 1003 894 qui
1037 830 1259 878 incidunt
1292 830 1342 877 in
1378 837 1543 894 partes

161 906 358 970 pupillae
382 914 637 966 extremas,
661 907 886 966 resecari,
911 907 1027 954 satis
1053 906 1279 954 distincte
1303 906 1485 954 vident.

227 987 274 1030 6.
313 983 364 1030 Si
387 983 439 1031 in
459 983 644 1031 visione
668 983 855 1031 directa
878 983 1047 1031 datum
1081 982 1144 1030 sit
1172 989 1409 1046 punctum
1433 999 1543 1030 eva-
1560 984 1675 1055 3⁰3⁸,
1725 1037 1756 1055 er

158 1058 436 1117 nescentiae,
456 1058 652 1106 dabitur
669 1059 818 1106 etiam
839 1059 975 1106 locus
994 1074 1231 1122 apparens
1250 1058 1430 1121 objecti
1452 1059 1543 1106 visi
1560 1036 1810 1120 aioffipsphae.

157 1148 246 1196 per
276 1133 523 1196 dioptrum
554 1149 840 1192 convexum,
873 1134 1061 1197 quoties
1091 1133 1215 1181 radii
1247 1150 1347 1181 non
1377 1142 1544 1183 secant
1558 1123 1618 1142 ¹¹⁰⁰
1635 1124 1802 1144 ⁰⁰¹¹v⁹¹m

157 1224 299 1256 axem
323 1209 541 1272 opticum
564 1216 827 1272 antequam
848 1209 1135 1272 perveniant
1158 1209 1221 1258 ad
1244 1209 1506 1273 dioptrum.

225 1284 298 1333 Sit
334 1285 407 1347 (in
436 1285 595 1348 figura
628 1286 793 1346 tertia)
830 1286 1091 1349 Dioptrum
1122 1301 1394 1333 convexum
1422 1287 1468 1334 A
1483 1287 1539 1346 Β,

156 1367 379 1408 centrum
409 1361 579 1409 retinae
604 1362 658 1419 C,
684 1362 931 1424 objectum
954 1362 998 1409 D
1013 1362 1082 1417 E;
1118 1368 1354 1424 punctum
1377 1370 1542 1410 autem

156 1437 201 1484 D
224 1437 288 1485 sit
312 1436 362 1484 in
387 1444 523 1484 recta
546 1437 585 1485 C
603 1438 655 1496 F,
682 1442 790 1500 quae
813 1437 984 1485 incidit
1007 1437 1058 1484 in
1080 1445 1336 1500 utramque
1361 1437 1541 1500 dioptri

155 1512 460 1576 superficiem
499 1513 965 1576 perpendiculariter
1006 1513 1069 1560 ad
1110 1513 1158 1560 H
1198 1520 1248 1560 et
1289 1513 1340 1568 I;
1383 1513 1541 1577 sitque

152 1594 390 1652 punctum
407 1588 444 1635 F
456 1595 693 1652 punctum
708 1587 1059 1636 evanescentiae
1073 1587 1123 1635 in
1138 1587 1324 1635 visione
1340 1587 1539 1636 directa.

154 1664 375 1712 Ducatur
397 1663 562 1711 radius
581 1663 621 1711 E
637 1663 694 1722 G,
720 1663 802 1726 qui
820 1664 962 1726 juxta
984 1663 1114 1726 leges
1138 1662 1441 1711 refractionis
1464 1680 1540 1712 re-

153 1738 395 1802 fringatur
418 1738 482 1786 ad
502 1739 563 1796 Κ,
588 1745 637 1786 et
659 1738 773 1785 inde
797 1737 860 1786 ad
884 1738 950 1793 C;
986 1737 1227 1801 producta
1249 1746 1412 1786 autem
1436 1739 1474 1787 C
1494 1740 1539 1788 K

155 1813 311 1862 donec
352 1821 484 1862 secet
523 1814 568 1862 D
583 1815 623 1862 E
662 1813 951 1877 productam
990 1813 1040 1860 in
1079 1813 1149 1872 M,
1188 1821 1406 1861 sumatur
1444 1814 1483 1862 C
1500 1815 1540 1862 L

154 1890 354 1954 aequalis
389 1898 440 1938 et
472 1889 704 1954 parallela
736 1890 829 1953 ipsi
863 1890 907 1937 D
924 1890 1007 1944 M;
1039 1890 1211 1952 juncta
1246 1896 1411 1937 autem
1448 1890 1539 1937 LF

154 1972 287 2014 secet
308 1965 543 2014 visualem
568 1965 607 2013 C
622 1965 676 2012 M
699 1965 751 2012 in
775 1965 838 2023 N,
861 1965 1043 2028 fiatque
1067 1965 1114 2012 N
1130 1965 1173 2013 O
1195 1965 1425 2028 parallela
1447 1965 1540 2029 ipsi

154 2042 202 2090 N
218 2042 278 2089 D.
327 2041 450 2089 Dico
474 2041 518 2088 D
534 2041 574 2088 E
594 2041 855 2103 objectum,
875 2041 1031 2088 visum
1050 2056 1137 2104 per
1156 2040 1403 2104 dioptrum
1421 2057 1536 2089 con-

152 2133 329 2166 vexum
358 2117 398 2164 A
414 2117 469 2175 B,
495 2116 798 2180 apariturum
820 2116 872 2163 in
896 2117 938 2164 O
955 2116 1017 2164 N.

218 2192 477 2241 Videbitur
500 2192 630 2239 enim
652 2198 889 2254 punctum
912 2192 952 2239 E
976 2191 1028 2239 in
1051 2191 1179 2240 linea
1208 2192 1381 2240 visuali
1415 2192 1454 2240 C
1474 2193 1534 2251 K,

153 2277 204 2318 et
225 2275 462 2333 punctum
482 2267 526 2316 D
550 2267 600 2315 in
624 2283 714 2314 axe
737 2268 775 2315 F
793 2267 847 2315 C.
905 2267 1106 2326 Rursus,
1131 2269 1382 2332 supposito
1406 2268 1538 2332 quod

153 2347 400 2410 objectum
424 2351 551 2392 esset
574 2344 618 2392 D
635 2344 706 2401 M,
729 2343 982 2407 visumque
1014 2345 1103 2392 sub
1136 2345 1314 2407 angulo
1340 2344 1534 2402 visorio,

151 2422 205 2470 in
226 2420 412 2469 visione
448 2420 648 2478 directa,
681 2419 725 2467 D
743 2419 867 2479 CM,
896 2421 1150 2483 apparebit
1183 2421 1297 2469 DM
1329 2421 1380 2468 in
1413 2421 1533 2469 ΟΝ.

154 2496 252 2546 Sed
279 2497 526 2560 objectum
549 2496 593 2543 D
608 2497 648 2543 E
682 2496 733 2543 in
768 2495 938 2543 eadem
972 2496 1204 2544 distantia
1236 2498 1296 2544 ab
1332 2497 1472 2546 oculo
1497 2498 1536 2546 C

151 2572 362 2632 videtur,
400 2572 448 2620 in
481 2571 668 2620 visione
701 2587 790 2635 per
824 2571 1072 2634 dioptrum
1094 2572 1210 2631 AB,
1243 2573 1331 2620 sub
1363 2572 1535 2621 eodem

153 2649 332 2713 angulo
357 2649 400 2696 D
417 2648 456 2697 C
470 2649 525 2696 M
549 2648 649 2696 sive
673 2648 716 2696 O
733 2648 771 2695 C
788 2648 849 2695 N.
907 2647 1163 2696 Videbitur
1186 2663 1301 2711 ergo
1326 2648 1370 2696 D
1384 2649 1424 2696 E
1448 2665 1535 2712 per

153 2724 402 2787 dioptrum
423 2723 469 2771 A
483 2723 523 2771 B
546 2723 599 2771 in
623 2722 794 2771 eadem
817 2722 859 2771 O
876 2722 939 2770 N.
993 2722 1122 2770 Nam
1145 2723 1428 2787 apparentia
1445 2724 1534 2772 sub

153 2799 326 2848 eodem
349 2799 528 2863 angulo
552 2799 730 2847 visorio
750 2799 810 2847 ab
835 2798 1005 2847 eadem
1022 2798 1267 2858 distantia,
1291 2799 1341 2846 in
1364 2799 1535 2847 eodem

154 2883 390 2939 apparent
416 2876 538 2924 loco.
609 2876 736 2923 Dato
762 2891 878 2938 ergo
902 2882 1085 2938 puncto
1110 2875 1460 2924 evanescentiae
1484 2876 1535 2923 in
