1994 3256
424 264 482 306 12
931 271 1002 304 DE
1029 270 1272 304 HOMINE.

164 407 292 439 sacr.
314 405 364 439 11.
480 382 658 431 Coroll.
680 396 739 430 11.
777 383 1026 430 Doctrinae
1048 383 1162 430 huic
1187 395 1489 444 consequens
1510 395 1704 444 quoque
1726 387 1802 429 est

242 458 274 488 ²·
412 458 522 516 hoc,
554 458 707 505 lineas
726 457 926 505 subtiles
945 457 1408 520 superficierumque
1426 456 1660 504 terminos
1685 472 1801 504 con-

410 533 518 582 fuse
543 549 796 596 apparere.
867 533 993 580 Item
1023 533 1287 596 pulverem,
1313 549 1371 580 ex
1396 531 1596 579 minutis
1618 531 1800 594 pulvis-

412 609 533 657 culis
553 609 875 672 compositum
895 608 1196 656 diversorum
1210 609 1442 666 colorum,
1450 607 1594 654 unius
1608 613 1799 654 tantum

413 684 588 733 coloris
607 700 666 731 ex
684 683 777 730 illis
803 683 1061 746 compositi
1078 698 1328 745 apparere.

131 770 394 820 Visjqnisconfusio
479 766 525 807 4.
563 760 797 806 Manente
819 758 1004 821 pupilla
1026 764 1076 805 et
1110 758 1314 804 humore
1338 756 1604 804 cristallino
1626 755 1799 804 iisdem

131 813 394 843 awn⁰⁰⁰u¹⁰¹m
412 841 462 882 et
484 835 535 882 in
560 834 730 882 eadem
754 833 984 880 distantia
1007 849 1037 880 a
1058 832 1210 881 fundo
1246 833 1375 880 oculi
1400 834 1455 891 Β,
1481 833 1521 880 si
1545 832 1706 879 retina
1735 832 1799 880 sit

411 911 581 972 figurae
605 908 799 971 quidem
824 907 1087 970 sphaericae,
1105 907 1191 955 sed
1214 908 1416 970 sphaerae
1435 907 1652 965 minoris,
1679 923 1795 970 qua-

411 984 470 1032 lis
495 991 570 1031 est
593 984 647 1031 M
665 983 704 1029 B
722 983 762 1041 Ι,
788 982 1006 1031 confusio
1040 982 1132 1029 erit
1168 982 1218 1029 in
1256 982 1389 1029 omni
1411 990 1595 1044 puncto
1620 982 1799 1045 objecti

413 1059 572 1107 adhuc
609 1059 780 1121 major.
850 1058 977 1105 Nam
1003 1065 1224 1105 centrum
1259 1057 1433 1105 retinae
1465 1057 1663 1120 propius
1706 1057 1798 1104 erit

413 1135 477 1182 ad
509 1135 715 1182 fundum
740 1134 796 1192 B,
821 1140 940 1196 puta
962 1133 1013 1180 in
1052 1133 1099 1180 H
1120 1154 1130 1188 ;
1169 1133 1316 1180 ducta
1354 1149 1469 1195 ergo
1494 1133 1537 1180 D
1554 1132 1597 1180 G
1618 1148 1706 1195 per
1731 1132 1797 1190 H,

413 1209 657 1258 videbitur
681 1210 924 1272 objectum
939 1209 983 1255 A
998 1208 1049 1255 in
1068 1208 1171 1255 HG
1192 1208 1385 1270 longius
1409 1208 1472 1255 ab
1495 1223 1600 1255 axe.
1662 1207 1799 1254 Idem

414 1285 604 1332 accidet
628 1284 668 1332 si
691 1284 736 1331 A
751 1284 790 1331 C
814 1290 1000 1331 secaret
1023 1299 1163 1330 axem
1197 1283 1481 1346 priusquam
1514 1283 1704 1330 veniret
1737 1282 1801 1330 ad

414 1360 642 1414 retinam3
679 1356 765 1406 sed
787 1366 904 1406 tunc
929 1366 1186 1421 appareret
1211 1358 1252 1403 A
1271 1373 1330 1404 ex
1354 1357 1507 1404 altera
1528 1364 1667 1420 parte
1682 1357 1798 1404 axis.

482 1435 684 1493 Rursus,
722 1440 951 1481 manente
974 1433 1132 1496 figura
1154 1431 1343 1489 retime,
1369 1432 1409 1479 si
1443 1431 1672 1479 refractio
1696 1447 1799 1479 ma-

410 1512 491 1573 jor
512 1510 588 1557 vel
625 1510 785 1556 minor
809 1517 950 1567 esset,
976 1509 1076 1556 sive
1107 1507 1159 1555 id
1190 1507 1442 1570 contingat
1465 1523 1495 1554 a
1517 1507 1702 1569 majore
1724 1506 1802 1554 vel

416 1586 603 1632 minore
636 1584 896 1631 humorum
932 1583 1253 1640 contumacia,
1279 1582 1378 1629 sive
1414 1598 1473 1629 ex
1507 1582 1690 1644 majore
1725 1581 1802 1648 vel

415 1660 603 1707 minore
642 1659 860 1706 humoris
907 1658 1158 1707 cristallini
1193 1657 1504 1720 gibbositate,
1529 1657 1607 1704 vel
1642 1657 1682 1704 si
1706 1657 1798 1704 dis-

416 1735 572 1783 tantia
594 1735 750 1797 major
788 1741 914 1781 esset
952 1734 1030 1780 vel
1071 1733 1230 1780 minor
1254 1732 1471 1779 humoris
1497 1732 1752 1779 cristallini
1775 1748 1804 1779 a

417 1811 591 1868 retina,
617 1810 772 1872 major
813 1809 906 1857 erit
942 1823 1133 1871 semper
1163 1807 1399 1855 confusio.
1468 1807 1597 1854 Nam
1621 1813 1802 1870 quanto

418 1885 647 1933 refractio
666 1885 821 1947 major
842 1891 929 1943 est,
944 1891 1084 1931 tanto
1109 1883 1253 1930 citius
1276 1881 1440 1930 radius
1464 1882 1686 1945 obliquus
1705 1881 1803 1930 A.C

418 1977 560 2009 axem
602 1967 750 2018 secat,
791 1960 843 2007 id
889 1967 963 2007 est
1008 1959 1242 2021 angulum
1288 1974 1400 2005 cum
1439 1973 1529 2005 axe
1570 1957 1804 2020 majorem

420 2036 583 2083 efficit.
653 2035 823 2097 Itaque
869 2034 998 2081 linea
1038 2033 1233 2081 visualis
1270 2049 1358 2095 per
1398 2041 1621 2080 centrum
1658 2032 1806 2080 ducta

420 2113 655 2174 majorem
679 2125 870 2172 quoque
904 2108 1136 2172 angulum
1160 2108 1335 2155 efficiet
1368 2124 1479 2156 cum
1503 2107 1675 2154 eodem
1697 2123 1801 2155 axe.

421 2188 592 2249 Itaque
612 2185 807 2232 demum
824 2185 1016 2247 longius
1032 2184 1093 2231 ab
1113 2199 1200 2231 axe
1219 2183 1462 2231 videbitur
1480 2189 1717 2246 punctum
1741 2182 1800 2229 A.

421 2263 484 2309 Et
521 2268 704 2324 quanto
751 2260 909 2307 minor
940 2266 1013 2307 est
1043 2259 1286 2317 refractio,
1321 2265 1459 2306 tanto
1493 2265 1733 2321 punctum
1757 2257 1803 2304 D

421 2337 614 2400 longius
649 2335 833 2382 recedit
857 2351 886 2382 a
908 2343 1091 2397 puncto
1117 2335 1172 2391 Β,
1197 2341 1245 2381 et
1286 2334 1354 2381 sic
1380 2348 1572 2397 quoque
1596 2332 1802 2395 angulus

422 2428 533 2459 cum
571 2427 660 2458 axe
695 2410 745 2457 in
774 2417 944 2457 centro
969 2411 1125 2472 major
1147 2410 1234 2464 fit;
1271 2408 1620 2472 apparebitque
1658 2408 1703 2454 A
1725 2423 1802 2454 re-

420 2488 600 2534 motius
625 2487 685 2533 ab
710 2502 815 2544 axe,
840 2485 926 2532 sed
949 2501 1008 2532 ex
1027 2485 1180 2537 altera
1202 2493 1340 2547 parte
1364 2485 1480 2546 ejus.
1552 2474 1800 2538 Similiter,

422 2578 517 2624 quo
551 2561 786 2608 remotior
809 2577 838 2608 a
877 2560 1036 2607 retina
1073 2567 1146 2607 est
1188 2560 1363 2606 humor
1398 2557 1706 2615 cristallinus,
1743 2572 1801 2604 eo

420 2636 611 2698 longius
636 2652 665 2682 a
687 2642 870 2698 puncto
897 2635 952 2693 Β,
977 2651 1037 2682 ex
1058 2642 1199 2697 parte
1224 2635 1326 2697 ejus
1357 2633 1605 2690 alterutra,
1630 2631 1802 2679 incidit

421 2713 473 2760 in
496 2712 703 2759 retinam
726 2711 889 2759 radius
914 2710 1019 2768 AC,
1040 2718 1090 2757 et
1110 2711 1167 2757 fit
1190 2709 1394 2772 angulus
1418 2724 1529 2755 cum
1552 2723 1641 2755 axe
1663 2714 1801 2755 utro-

420 2786 544 2834 bivis
567 2787 737 2848 major.

441 2920 443 2922 ‚
490 2861 664 2908 Coroll.
689 2876 723 2907 1.
763 2861 996 2908 Senectus
1013 2860 1176 2922 igitur,
1196 2858 1294 2906 sive
1314 2857 1559 2906 contrahit
1577 2857 1802 2904 ariditate
