2020 3262
306 246 395 288 142
697 254 967 289 PREFA‘mo
993 254 1065 288 AD
1093 253 1386 288 LEc‘ronsss.

299 405 464 437 rerum
496 390 677 453 figuras
709 397 758 438 et
787 397 965 450 motus,
1002 390 1099 448 alii,
1141 389 1244 437 sine
1280 387 1604 446 incommodo,
1638 404 1800 436 rerum

298 497 497 538 naturas
515 496 564 538 et
581 505 750 537 causas
768 490 1238 553 contemplabantur.
1295 487 1614 550 Temporibus
1638 495 1800 536 autem

299 607 408 654 quae
442 591 701 654 insequuta
742 597 872 649 sunt,
910 590 1161 638 scientiam
1189 590 1316 636 hanc
1355 588 1561 647 civilem,
1587 588 1678 636 etsi
1700 605 1800 636 non

296 692 489 755 penitus
511 698 829 754 perspectam,
849 690 1011 753 aliqua
1024 697 1188 737 tamen
1212 705 1272 736 ex
1293 695 1431 751 parte
1449 688 1499 736 in
1523 689 1800 751 reipublicae

295 791 530 854 regimine
552 798 786 854 tanquam
807 806 895 853 per
918 791 1096 837 nubem
1117 789 1455 852 pellucentem,
1478 788 1662 851 primus
1685 787 1801 835 ada-

295 905 451 937 masse
492 889 669 937 dicitur
717 889 957 946 Socrates,
997 888 1162 951 itaque
1199 887 1419 945 coluisse,
1460 893 1531 945 ut,
1573 885 1802 949 despecta

297 990 581 1053 desertaque
618 989 750 1036 omni
795 988 889 1036 alia
922 987 1240 1051 philosophiae
1285 994 1440 1049 parte,
1478 985 1630 1033 solam
1675 985 1800 1033 hanc

294 1089 492 1151 ingenio
530 1104 617 1136 suo
654 1087 851 1150 dignam
878 1087 1136 1150 judicaret.
1206 1087 1320 1133 Post
1344 1101 1456 1132 eum
1490 1084 1642 1140 Plato,
1665 1083 1801 1131 Aris·
1872 1116 1878 1121 -

294 1188 484 1246 toteles,
533 1188 721 1246 Cicero,
769 1186 1030 1249 caeterique
1074 1185 1350 1249 philosophi
1396 1184 1567 1241 Graeci,
1615 1182 1794 1242 Latini,

295 1286 504 1350 denique
528 1302 695 1334 omnes
732 1286 949 1333 omnium
971 1285 1190 1348 gentium
1211 1301 1312 1332 non
1335 1283 1481 1332 modo
1504 1283 1798 1346 philosophi,

295 1385 383 1434 sed
405 1386 553 1433 etiam
571 1385 731 1444 otiosi,
751 1385 888 1448 quasi
908 1384 1116 1443 facilem,
1134 1384 1268 1432 nullo
1293 1383 1453 1431 studio
1473 1383 1798 1442 ambiendam,

296 1484 555 1547 cujuslibet
590 1483 789 1547 ingenio
827 1483 1040 1530 naturali
1086 1483 1355 1546 expositam
1401 1489 1450 1530 et
1485 1482 1800 1545 prostitutam

293 1591 677 1632 attrectaverunt
716 1590 1091 1646 attrectantque.
1161 1582 1404 1646 Quodque
1427 1583 1489 1630 ad
1513 1582 1800 1646 dignitatem

293 1684 397 1746 ejus
421 1683 667 1747 praecipue
697 1682 833 1741 facit,
857 1681 942 1740 illi,
969 1681 1052 1744 qui
1083 1697 1190 1728 eam
1225 1697 1275 1728 se
1309 1681 1489 1728 habere
1523 1687 1701 1744 putant
1721 1680 1800 1729 vel

292 1799 350 1830 eo
373 1782 481 1830 loco
507 1789 620 1829 sunt
642 1787 698 1829 ut
720 1781 899 1829 habere
923 1781 1146 1839 debeant,
1171 1780 1292 1828 adeo
1317 1780 1407 1827 sibi
1430 1780 1481 1827 in
1505 1780 1608 1842 ejus
1640 1779 1800 1842 specie

292 1884 604 1932 vehementer
617 1883 826 1946 placent,
844 1889 902 1929 ut
916 1882 1212 1944 reliquarum
1227 1881 1538 1928 scientiarum
1557 1879 1797 1927 studiosos

291 1983 461 2031 haberi
484 1989 533 2030 et
562 1982 727 2029 vocari
765 1981 1058 2044 ingeniosos,
1083 1980 1268 2038 doctos,
1293 1980 1524 2038 eruditos,
1559 1978 1795 2041 quidlibet

292 2092 473 2150 praeter
486 2083 764 2147 prudentes,
790 2099 929 2145 aequo
953 2082 1114 2129 animo
1137 2081 1312 2128 ferant.
1349 2081 1477 2127 Nam
1499 2095 1678 2127 nomen
1699 2078 1792 2126 hoc

291 2191 491 2249 propter
515 2183 850 2232 excellentiam
878 2182 1068 2246 peritiae
1093 2181 1246 2229 civilis
1271 2180 1361 2228 sibi
1393 2179 1507 2227 solis
1531 2178 1697 2226 deberi
1720 2193 1797 2224 ar-

289 2285 551 2333 bitrantur.
603 2283 714 2331 Sive
737 2282 886 2345 igitur
903 2282 1214 2329 scientiarum
1237 2280 1448 2343 dignitas
1473 2294 1531 2326 ex
1555 2277 1795 2340 dignitate

291 2400 459 2432 eorum
482 2383 545 2431 ad
568 2399 688 2446 quos
711 2383 973 2446 pertinent,
1000 2382 1098 2430 sive
1122 2397 1182 2429 ex
1204 2396 1406 2428 numero
1430 2394 1597 2426 eorum
1622 2377 1704 2439 qui
1735 2376 1796 2423 de

290 2483 407 2546 ipsis
447 2483 759 2546 scripserunt,
785 2482 885 2530 sive
922 2498 980 2529 ex
1012 2481 1199 2544 judicio
1224 2478 1685 2543 sapientissimorum
1707 2476 1797 2524 ho-

290 2583 476 2630 minum
494 2582 781 2631 aestimanda
804 2589 892 2641 est,
913 2581 1195 2651 dignissima
1213 2587 1344 2628 certe
1362 2577 1673 2626 scientiarum
1689 2575 1796 2622 haec

290 2682 396 2745 ipsa
419 2689 507 2741 est,
533 2699 641 2745 quae
678 2682 741 2730 ad
770 2682 1013 2745 principes
1037 2681 1264 2744 pertinet,
1300 2677 1613 2739 hominesque
1648 2676 1700 2722 in
1722 2691 1796 2723 re-

290 2782 449 2846 gendo
496 2799 674 2846 genere
714 2784 926 2831 humano
973 2788 1235 2844 occupatos
1255 2800 1267 2834 ;
1311 2779 1448 2842 cujus
1493 2777 1639 2824 etiam
1673 2776 1796 2824 falsa

291 2881 448 2944 specie
480 2897 646 2929 omnes
664 2881 765 2929 fere
787 2881 1008 2929 homines
1033 2879 1366 2932 delectantur3
1402 2882 1452 2923 et
1473 2875 1525 2923 in
1562 2891 1658 2938 qua
1686 2873 1795 2937 phi-
