1994 3256
401 256 431 297 8
920 266 989 300 DE
1015 267 1256 300 HOMINE.

157 398 285 432 snc'r.
306 398 355 430 11.
400 385 541 426 tenus
581 394 638 426 ea
677 378 919 426 rationum
963 377 1193 425 firmitate
1231 377 1465 441 scriptum
1508 377 1586 436 sit,
1629 393 1775 440 quam

401 453 602 516 exigunt
631 453 700 501 illi
732 453 815 517 qui
850 469 988 501 veras
1018 468 1180 500 rerum
1203 469 1369 500 causas
1392 453 1515 500 scire
1540 453 1773 515 cupiunt;

401 529 647 576 videamus
670 545 733 576 an
756 544 815 575 ex
837 528 910 586 iis,
935 543 1043 589 quae
1062 528 1278 591 superius
1303 528 1434 576 dicta
1454 535 1582 586 sunt,
1600 528 1776 575 harum

403 619 595 667 quoque
618 619 781 651 rerum
803 603 1014 650 rationes
1036 610 1263 651 accurate
1292 604 1543 667 supputari
1566 603 1773 666 possint.

470 685 518 727 2.
554 678 946 741 Unumquodque
985 686 1223 741 punctum
1261 679 1417 726 visum
1455 680 1506 727 in
1549 695 1607 727 ea
1645 679 1776 727 linea

367 814 377 818 -
403 761 538 802 recta
571 761 786 817 apparet,
821 754 956 816 cujus
991 769 1143 800 unum
1176 762 1413 816 punctum
1447 763 1670 802 centrum
1705 761 1782 802 est

293 848 381 868 roeu-
405 829 597 888 retinoe,
613 829 818 876 alterum
833 828 884 875 in
902 827 1154 890 superficie
1170 828 1287 889 ejus,
1305 828 1425 876 illud
1439 845 1614 892 nempe
1628 843 1782 892 punc-

328 892 371 910 ω’
405 910 512 951 tum
547 904 599 951 in
642 903 773 966 quod
818 902 1067 950 irradiatio
1102 918 1132 950 a
1165 910 1347 965 puncto
1380 904 1483 951 viso
1518 904 1780 952 derivatur.

406 978 670 1027 Vocabitur
688 985 851 1026 autem
884 978 1012 1025 linea
1045 977 1127 1025 illa
1153 984 1288 1026 recta
1311 978 1443 1026 linea
1466 978 1691 1038 visualis,
1716 986 1783 1039 et,

408 1053 448 1102 si
472 1053 667 1117 quidem
689 1053 773 1101 illa
795 1053 858 1100 sit
880 1052 943 1100 ad
976 1052 1278 1115 superficiem
1306 1053 1435 1100 oculi
1465 1053 1785 1117 perpendicu-

407 1129 538 1188 laris,
565 1129 679 1176 axis
701 1128 913 1193 opticus.
982 1155 987 1160 ·

477 1205 551 1252 Sit
574 1204 740 1252 oculus
763 1203 832 1259 (in
854 1204 936 1266 fig.
969 1204 1011 1264 l)
1044 1203 1089 1250 A
1104 1203 1144 1250 B
1161 1203 1199 1251 C
1214 1203 1275 1258 D,
1302 1203 1486 1267 pupilla
1519 1204 1575 1263 G,
1609 1204 1788 1252 humor

411 1279 715 1343 crystallinus
756 1279 804 1325 H
823 1279 889 1336 H,
931 1294 1185 1341 processus
1225 1278 1413 1326 ciliares
1450 1279 1495 1326 A
1512 1279 1579 1334 C;
1621 1279 1788 1327 radius

412 1361 575 1403 autem
598 1370 627 1401 a
647 1359 830 1416 puncto
852 1353 954 1400 viso
979 1354 1017 1400 F
1038 1353 1224 1401 incidat
1240 1354 1292 1401 in
1310 1354 1505 1402 oculum
1524 1354 1586 1402 ad
1611 1354 1650 1401 B
1675 1369 1788 1418 per-

411 1429 818 1493 pendiculariter3
844 1429 1070 1476 transibit
1087 1445 1203 1492 ergo
1221 1431 1325 1493 (per
1339 1430 1420 1478 De
1439 1430 1662 1495 Corpore
1681 1446 1789 1494 cap.

415 1519 575 1552 XXIV.
600 1513 690 1551 art.
715 1507 764 1565 2)
796 1520 884 1566 per
920 1512 1141 1552 centrum
1175 1505 1302 1552 oculi
1329 1506 1392 1553 ad
1423 1506 1631 1554 retinam
1652 1506 1704 1553 in
1728 1506 1792 1565 D,

417 1579 728 1635 irrefractus3
771 1579 958 1642 eritque
992 1579 1095 1627 axis
1130 1580 1320 1642 opticus
1355 1581 1392 1627 F
1406 1581 1466 1638 D,
1502 1587 1551 1629 et
1583 1597 1791 1644 perpen-

418 1654 642 1702 dicularis
666 1654 730 1701 ad
757 1654 964 1701 retinam
997 1655 1048 1701 in
1071 1654 1131 1702 D.
1201 1655 1372 1718 Itaque
1394 1656 1480 1703 fiet
1502 1656 1791 1715 resistentia,

418 1730 470 1777 id
492 1737 582 1787 est,
606 1729 851 1777 restitutio
870 1729 920 1776 in
937 1730 1097 1777 retina
1115 1730 1577 1792 perpendiculariter
1596 1752 1608 1787 ;
1644 1747 1795 1794 appa-

419 1806 641 1868 rebitque
672 1813 909 1867 punctum
933 1805 970 1851 F
993 1805 1171 1852 alicubi
1202 1805 1253 1852 in
1276 1805 1320 1852 D
1336 1806 1388 1862 F,
1420 1805 1472 1853 id
1505 1812 1591 1865 est,
1615 1806 1793 1854 alicubi

420 1884 472 1931 in
494 1890 631 1930 recta
654 1883 790 1945 cujus
812 1899 964 1930 unum
985 1890 1223 1947 punctum
1252 1891 1327 1930 est
1363 1889 1584 1931 centrum
1606 1883 1794 1943 retinae,

422 1959 631 2006 alterum
665 1965 740 2005 est
773 1958 825 2004 in
858 1958 962 2021 ipsa
995 1958 1154 2006 retina
1188 1975 1245 2006 eo
1280 1958 1388 2006 loco
1421 1958 1506 2005 ubi
1540 1958 1711 2006 incidit
1743 1958 1795 2006 in

422 2034 555 2081 illam
578 2033 706 2080 linea
728 2033 921 2080 radians
945 2034 1006 2080 ab
1031 2034 1221 2096 objecto
1245 2034 1296 2080 F.

490 2109 690 2166 Rursus,
724 2108 786 2155 sit
816 2115 1052 2171 punctum
1085 2109 1242 2156 visum
1274 2109 1313 2167 Ι,
1338 2110 1473 2171 cujus
1495 2108 1700 2156 radiatio
1722 2109 1798 2156 in-

425 2183 557 2231 cidat
579 2184 631 2230 in
654 2184 845 2230 oculum
877 2184 940 2231 ad
975 2184 1020 2230 K
1055 2184 1276 2246 oblique;
1313 2184 1476 2247 itaque
1506 2185 1800 2247 refringetur

425 2275 590 2306 versus
629 2258 1079 2321 perpendicularem
1116 2274 1204 2321 per
1246 2260 1290 2306 K
1306 2260 1346 2306 L
1390 2259 1453 2306 ad
1497 2260 1799 2322 superficiem

426 2334 641 2381 humoris
672 2334 936 2396 crystallini
970 2334 1021 2380 in
1058 2335 1124 2389 L;
1163 2334 1275 2381 inde
1309 2350 1473 2382 rursus
1508 2334 1801 2398 refringetur

427 2425 591 2456 versus
627 2409 1025 2472 perpendiculum
1056 2425 1143 2471 per
1167 2410 1206 2456 L
1222 2410 1275 2456 M
1300 2409 1363 2456 ad
1385 2410 1686 2472 superficiem
1709 2411 1800 2458 hu-

429 2485 575 2531 moris
600 2485 863 2548 crystallini
883 2485 1085 2531 alteram
1108 2484 1158 2531 in
1182 2485 1251 2531 M.
1330 2485 1594 2542 Postremo,
1627 2484 1801 2532 refrin-

430 2567 572 2622 getur
611 2576 698 2622 per
740 2560 794 2607 M
810 2560 856 2607 N
900 2576 929 2607 a
967 2559 1354 2622 perpendiculari
1396 2559 1458 2606 ad
1497 2559 1800 2622 superficiem

431 2635 600 2682 retinae
623 2635 674 2681 in
699 2635 761 2683 N.
831 2636 1049 2683 Ducatur
1078 2636 1181 2697 jam
1216 2651 1303 2697 per
1324 2635 1363 2681 E
1389 2641 1608 2681 centrum
1631 2634 1803 2682 retinae

431 2718 567 2756 recta
591 2710 636 2756 N
652 2711 707 2757 E.
776 2710 1017 2758 Punctum
1052 2711 1210 2758 visum
1235 2710 1256 2757 Ι
1281 2709 1530 2772 apparebit
1551 2709 1727 2756 alicubi
1751 2709 1803 2756 in

434 2784 479 2830 N
496 2785 535 2830 E
558 2785 808 2846 producta.
879 2786 1006 2832 Nam
1030 2793 1274 2833 ostensum
1299 2792 1372 2832 est
1398 2785 1502 2847 (per
1525 2800 1629 2847 cap.
1655 2799 1802 2831 xxn.

434 2865 523 2906 art.
549 2865 595 2918 6,
614 2859 693 2906 De
722 2859 959 2924 Corpore)
982 2861 1318 2919 resistentiam,
1342 2869 1589 2922 utcunque
1619 2859 1805 2907 incidat
