2020 3262
456 257 527 290 DE
556 257 745 291 REGNO
773 256 869 290 DEI
898 256 1005 290 PER
1033 258 1326 292 NATURAM.
1489 249 1584 300 347

190 369 412 419 stitutam
443 370 695 418 civitatem
730 369 792 417 ab
828 369 1209 432 uniuscujusque
1244 370 1443 418 ratione
1469 371 1587 436 pri·
1627 399 1756 432 SECT,
1777 398 1847 432 111,

189 453 310 494 vata
326 446 570 510 petendus
588 452 709 494 erat.
781 445 1128 508 Unusquisque
1152 451 1319 492 autem
1342 446 1588 495 rationem
1716 452 1765 483 15·

179 522 446 587 privatam
468 522 659 570 rationi
677 521 832 570 totius
852 520 1077 569 civitatis
1095 520 1384 568 submittere
1407 529 1586 583 potest.
1606 544 1760 583 Regnanoe
1774 546 1838 574 Deo

190 597 446 658 Przeterea,
466 598 507 646 si
541 597 720 662 singuli
752 597 1003 661 propriam
1035 597 1280 645 rationem
1300 596 1356 644 in
1381 597 1587 646 colendo
1604 593 1819 669 ξξῖἃζῗῗζζζᾟ,

187 672 295 722 Deo
336 682 674 738 sequerentur,
709 673 760 721 in
794 680 935 722 tanta
974 672 1262 720 diversitate
1303 671 1586 732 colentium,
1605 676 1834 704 mummium·

1604 722 1715 755 pretem
1729 728 1790 747 esse
1804 719 1871 747 civi—

182 748 313 797 aloer
331 749 538 798 alterius
570 749 759 798 cultum
792 748 1083 797 indecorum
1105 748 1185 796 vel
1209 747 1359 796 etiam
1382 747 1588 811 impium
1606 764 1695 790 tatem
1708 763 1740 790 ῑᾱ
1750 766 1793 790 est
1803 772 1871 791 eum

1604 804 1751 833 hominem
1765 806 1811 834 vcl

181 824 455 889 judicarem
489 841 649 889 neque
683 825 807 873 alter
832 824 976 873 alteri
1000 824 1162 872 Deum
1185 824 1428 872 honorare
1451 824 1588 872 vide-
1605 849 1807 886 euriam,quae
1821 849 1869 878 ha-

185 906 337 949 retur.
407 901 523 949 Non
553 908 681 950 esset
709 917 828 964 ergo
866 900 1047 960 cultus,
1089 916 1152 948 ne
1186 900 1228 948 is
1265 900 1466 964 quidem
1504 901 1588 963 qui
1605 892 1832 973 {2223sssssp

183 977 395 1026 maxime
422 993 536 1025 cum
570 977 761 1025 ratione
792 983 1119 1040 congrueret3
1154 982 1420 1040 propterea
1453 976 1589 1039 quod
1604 979 1850 1007 ‘mmmmm-

183 1058 363 1101 natura
386 1052 549 1101 cultus
571 1052 622 1100 111
646 1069 704 1100 eo
728 1052 967 1111 consistit,
991 1059 1049 1099 ut
1073 1052 1138 1099 sit
1161 1051 1360 1115 signum
1384 1051 1587 1099 honoris

128 1149 131 1153 ¹
184 1127 386 1176 interni.
457 1127 662 1191 Signum
695 1134 861 1176 autem
895 1144 996 1175 non
1031 1137 1122 1184 est,
1145 1127 1241 1175 nisi
1273 1144 1370 1191 quo
1402 1127 1588 1191 aliquid

182 1203 446 1252 innotescit
478 1203 602 1252 aliis,
673 1204 848 1267 Neque
882 1220 1000 1268 ergo
1037 1204 1234 1268 signum
1267 1205 1469 1252 honoris
1493 1212 1584 1262 est,

181 1279 277 1328 nisi
300 1279 431 1343 quod
454 1279 562 1327 aliis
585 1280 655 1327 sic
678 1280 890 1328 videtur.
962 1281 1168 1340 Rursus,
1195 1280 1391 1344 signum
1413 1296 1586 1328 verum

183 1362 275 1413 est,
317 1354 448 1419 quod
490 1371 733 1404 consensu
778 1356 1035 1404 hominum
1074 1357 1133 1404 fit
1175 1356 1384 1420 signum.
1453 1357 1586 1420 Ergo

180 1431 329 1479 etiam
362 1431 689 1480 honorificum
724 1441 814 1492 est,
858 1433 989 1496 quod
1027 1448 1268 1481 consensu
1308 1432 1580 1491 hominum,

178 1506 230 1555 id
253 1515 344 1566 est,
363 1508 504 1572 jussu
527 1508 738 1557 civitatis
770 1510 827 1557 fit
861 1509 1056 1572 signum
1078 1508 1294 1556 honoris.
1366 1509 1483 1556 Non
1507 1516 1583 1556 est

178 1598 298 1647 ergo
335 1591 510 1632 contra
545 1584 852 1633 voluntatem
891 1585 1000 1644 Dei,
1033 1600 1122 1648 per
1154 1584 1309 1632 solam
1343 1585 1586 1632 rationem

179 1658 493 1719 declaratam,
517 1659 747 1708 exhibere
778 1660 873 1724 ipsi
896 1661 1037 1724 signa
1059 1660 1277 1719 honoris,
1303 1676 1411 1723 quae
1434 1660 1586 1724 impe-

179 1734 309 1782 rabit
348 1734 535 1782 civitas.
609 1735 819 1783 Possunt
856 1752 975 1800 ergo
1014 1736 1143 1784 cives
1170 1737 1251 1799 jus
1287 1735 1584 1793 decernend,

180 1809 241 1858 de
263 1810 413 1859 modo
437 1811 632 1859 colendi
667 1812 844 1871 Deum,
869 1812 921 1860 in
953 1829 1066 1860 eum
1088 1812 1166 1860 vel
1191 1828 1274 1860 eos
1298 1811 1582 1870 transferre,

179 1887 264 1950 qui
286 1886 499 1935 civitatis
527 1886 713 1935 habent
746 1888 1006 1951 imperium
1034 1904 1294 1936 summum.
1366 1888 1473 1936 Imo
1498 1888 1584 1935 de-

178 1962 326 2019 bent;
363 1963 582 2027 alioquin
618 1963 749 2011 enim
785 1979 955 2012 omnes
983 1963 1210 2012 absurdae
1235 1963 1492 2027 opiniones
1521 1963 1582 2011 de

178 2045 358 2086 natura
397 2038 506 2098 Dei,
548 2039 939 2103 ceremoniaeque
979 2055 1149 2088 omnes
1195 2039 1433 2098 ridiculae,
1473 2057 1582 2103 quae

177 2113 310 2178 apud
331 2114 457 2162 ullas
480 2122 655 2178 gentes
678 2115 927 2175 exstitere,
946 2115 999 2163 111
1023 2115 1195 2163 eadem
1219 2115 1364 2164 simul
1383 2115 1582 2164 civitate

180 2190 615 2254 conspicerentur;
653 2206 714 2238 ex
737 2207 836 2253 quo
861 2190 1171 2255 contingeret
1193 2191 1459 2256 unicuique
1477 2208 1583 2240 cre-

177 2265 292 2314 dere
311 2272 517 2314 caeteros
540 2281 710 2314 omnes
735 2266 895 2314 Deum
915 2267 1216 2316 contumelia
1233 2268 1444 2316 afficere.
1482 2269 1582 2317 Ita-

139 2366 141 2368 ·
177 2357 272 2405 que
297 2341 358 2390 de
381 2341 576 2390 nemine
600 2349 734 2390 recte
758 2342 856 2390 dici
884 2352 1067 2407 posset,
1093 2344 1226 2407 quod
1260 2345 1420 2392 Deum
1451 2345 1581 2393 cole-

175 2425 280 2466 ret:
310 2433 456 2466 nemo
473 2418 604 2466 enim
623 2418 784 2466 Deum
802 2419 936 2479 colit,
954 2420 1008 2468 id
1025 2427 1114 2479 est,
1130 2420 1344 2468 honorat
1361 2428 1579 2482 externe,

174 2493 270 2542 nisi
291 2494 333 2542 is
357 2493 443 2558 qui
470 2509 529 2541 ea
550 2493 685 2553 facit,
711 2494 886 2557 quibus
910 2495 1016 2543 aliis
1052 2503 1287 2560 appareat
1317 2496 1578 2545 honorare.

176 2570 417 2619 Concludi
463 2571 630 2634 itaque
664 2577 842 2634 potest,
890 2571 1056 2637 legum
1102 2571 1428 2632 naturalium,
1476 2579 1580 2621 tam

175 2661 440 2694 sacrarum
488 2662 636 2709 quam
682 2646 1002 2706 secularium,
1045 2655 1285 2711 regnante
1332 2647 1438 2696 Deo
1491 2664 1580 2711 per

176 2721 329 2770 solam
380 2727 625 2780 naturam,
675 2721 1145 2787 interpretationem
1194 2723 1472 2787 dependere
1518 2723 1579 2771 ab

176 2797 473 2846 auctoritate
492 2798 723 2857 civitatis,
739 2798 834 2847 hoc
852 2806 940 2859 est,
962 2800 1066 2863 ejus
1083 2800 1296 2848 hominis
1315 2801 1391 2848 vel
1410 2800 1575 2859 curiae,

177 2873 256 2922 cui
279 2890 565 2923 concessum
590 2882 663 2923 est
689 2891 934 2923 summum
967 2875 1179 2925 civitatis
1203 2877 1491 2940 imperium3
1529 2883 1580 2925 et
