2020 3262
518 247 590 280 DE
618 245 790 280 s'rA'rU
817 245 1113 290 HOMINUM,
1142 246 1259 279 Ero.
1502 237 1594 287 167

269 361 345 404 14.
383 355 652 405 Qaeruntur
697 354 816 403 socii
859 354 938 402 vel
982 355 1047 413 vi,
1094 356 1171 403 vel
1213 371 1481 404 consensu:
1527 358 1593 418 vi,
1633 383 1763 417 SECT,
1781 384 1848 418 111,

196 430 392 495 quando
409 447 578 496 pugna
598 431 757 479 victor
775 429 960 479 victum
984 430 1165 478 servire
1184 430 1276 478 sibi
1301 431 1436 494 cogit
1458 441 1594 482 metu
1732 436 1760 466 ¹·

194 507 386 567 mortis,
416 507 495 555 vel
525 507 732 555 vinculis
762 505 931 555 inditis
949 526 961 561 ;
998 522 1255 566 consensu,
1290 507 1487 569 quando
1517 524 1593 557 so-
1609 527 1683 557 sure
1695 529 1825 558 naturan

194 582 348 631 cietas
362 582 515 631 initur
531 591 715 630 mutuae
730 581 836 646 opis
855 597 1016 640 causa,
1032 581 1369 629 consentiente
1383 589 1592 646 utraque
1609 571 1699 643 {12:12¹}
1712 573 1866 654 fflffl‘ffm

191 664 336 721 parte
353 657 457 706 sine
469 658 534 706 vi.
560 658 728 706 Potest
745 663 910 704 autem
926 656 1084 704 victor
1102 656 1306 715 victum,
1324 656 1402 704 vel
1418 657 1592 706 fortior
1609 659 1860 688 ‘estateexsssoen-

1608 702 1666 728 tem
1692 711 1793 739 cogere
1820 703 1858 731 ad

193 731 496 793 debiliorem,
519 741 578 781 ut
601 749 747 781 sanus
772 740 823 780 et
845 733 1075 780 robustus
1097 733 1363 791 infirmum,
1385 733 1465 781 vel
1488 750 1590 782 ma-
1607 744 1771 773 cautionem
1788 755 1859 783 prm-

191 814 333 857 turus
355 808 610 865 infantem,
643 808 706 856 ad
736 807 1069 872 praestandam
1100 809 1381 856 cautionem
1411 808 1591 858 futurae
1606 788 1858 861 {tgssssfftiffmae

192 884 503 944 obedientiae,
526 885 579 932 ni
600 884 718 932 velit
741 884 904 948 potius
927 884 1070 944 mori,
1081 885 1205 947 jure
1224 900 1415 948 cogere.
1467 885 1592 934 Cum

193 959 326 1008 enim
343 960 436 1023 jus
466 959 759 1023 protegendi
789 960 1115 1023 nosmetipsos
1139 967 1309 1008 nostro
1334 960 1538 1009 arbitrio
1562 977 1594 1010 a

188 1035 410 1100 periculo
428 1042 613 1094 nostro,
634 1043 781 1099 atque
804 1035 1079 1099 periculum
1097 1036 1157 1084 ab
1176 1036 1457 1100 aequalitate
1479 1053 1594 1100 pro-

189 1111 377 1162 fectum
401 1112 481 1172 sit,
495 1112 654 1176 magis
676 1112 859 1160 rationi
876 1120 1262 1160 consentaneum
1284 1120 1372 1173 est,
1390 1113 1594 1161 certius-

191 1204 286 1252 que
318 1188 382 1236 ad
413 1188 834 1237 conservationem
870 1195 1105 1248 nostram,
1140 1188 1327 1237 utendo
1358 1190 1594 1252 praesenti

190 1264 450 1329 commodo
473 1281 760 1329 comparare
777 1264 918 1313 nobis
938 1264 1055 1328 ipsis
1074 1265 1390 1313 securitatem
1415 1265 1591 1329 quaesi-

189 1347 310 1399 tam,
355 1349 560 1406 accepta
611 1341 854 1401 cautione,
905 1357 1053 1404 quam
1104 1357 1216 1389 cum
1270 1342 1590 1401 adoleverint,

189 1417 543 1477 convaluerint,
576 1425 627 1466 et
662 1434 689 1465 e
723 1424 896 1466 nostra
929 1424 1174 1481 potestate
1210 1434 1262 1466 se
1297 1418 1590 1482 receperint,

187 1492 397 1542 eandem
436 1494 585 1543 dubio
625 1494 894 1542 certamine
932 1502 1106 1558 postea
1144 1502 1367 1558 repetere
1405 1495 1590 1543 conari.

190 1568 493 1634 Contraque,
512 1570 770 1619 absurdius
790 1571 999 1634 cogitari
1015 1571 1139 1619 nihil
1161 1577 1343 1634 potest,
1365 1587 1513 1634 quam
1534 1580 1592 1620 ut

189 1661 337 1710 quem
364 1645 576 1694 debilem
603 1646 656 1693 in
682 1652 930 1709 potestate
961 1653 1115 1706 tenes,
1152 1662 1264 1694 eum
1300 1647 1590 1707 amittendo,

186 1720 370 1770 fortem
393 1721 538 1770 simul
563 1729 614 1769 et
635 1721 830 1769 hostem
852 1721 1018 1770 facias.
1078 1722 1154 1770 Ex
1178 1738 1275 1786 quo
1299 1722 1591 1787 intelligitur

189 1796 355 1856 etiam,
378 1803 616 1861 tanquam
639 1797 968 1857 corollarium,
992 1797 1044 1845 in
1067 1805 1202 1846 statu
1225 1799 1481 1847 hominum
1503 1816 1591 1848 na-

186 1873 338 1922 turali
360 1873 649 1939 potentiam
683 1879 875 1921 certam
899 1879 950 1921 et
974 1873 1350 1925 irresistibilem
1359 1875 1452 1938 jus
1476 1891 1590 1923 con-

119 1958 122 1959 ’
168 1949 332 2014 ferre
358 1949 574 2014 regendi
606 1949 988 2014 imperandique
1017 1950 1068 1997 in
1098 1966 1199 2010 608,
1228 1951 1316 2015 qui
1346 1951 1591 2000 resistere

187 2042 283 2074 non
296 2032 516 2091 possunt
533 2044 553 2081 ,·
589 2025 712 2073 adeo
741 2031 798 2073 ut
829 2025 1198 2090 omnipotentia,
1235 2028 1297 2075 ab
1333 2043 1392 2075 ea
1426 2043 1588 2086 causa,

187 2101 409 2150 omnium
431 2117 598 2149 rerum
627 2100 931 2165 agendarum
956 2102 1039 2165 jus
1073 2102 1396 2151 essentialiter
1424 2110 1475 2151 et
1498 2103 1588 2154 im-

186 2177 400 2226 mediate
423 2177 688 2225 adhaereat.

258 2259 336 2303 15.
383 2254 589 2317 Propter
634 2261 801 2302 tamen
853 2253 1183 2317 aequalitatem
1227 2256 1362 2304 illam
1405 2257 1586 2305 virium
1602 2275 1747 2305 Numam

185 2337 572 2394 caeterarumque
601 2330 894 2378 facultatum
927 2330 1269 2392 humanarum,
1305 2333 1586 2382 hominibus
1602 2319 1873 2402 Qmfflssussfflss,

185 2405 238 2455 in
260 2413 393 2455 statu
413 2414 622 2465 naturae,
653 2407 749 2454 hoc
780 2412 871 2465 est,
902 2407 954 2455 in
987 2414 1119 2456 statu
1153 2407 1273 2457 belli
1305 2409 1586 2458 constitutis

185 2483 492 2532 conservatio
540 2483 615 2531 sui
661 2482 895 2531 diuturna
939 2485 1213 2547 exspectari
1256 2501 1359 2534 non
1403 2493 1586 2549 potest.

189 2557 361 2615 Quare
382 2558 700 2624 quaerendam
723 2574 834 2606 esse
847 2575 1047 2624 pacem,
1072 2567 1318 2624 quatenus
1347 2560 1588 2610 habenda>

185 2635 295 2698 ejus
333 2651 452 2701 spes
493 2635 671 2700 aliqua
713 2634 1002 2697 qffulserim
1050 2635 1135 2683 ubi
1158 2635 1338 2684 haberi
1384 2652 1446 2684 ea
1491 2653 1587 2686 non

176 2717 367 2776 potest,
391 2710 662 2776 quaerenda
687 2726 797 2758 esse
816 2709 937 2758 belli
961 2710 1174 2770 auxilia,
1196 2718 1347 2760 rectae
1370 2711 1587 2761 rationis

182 2786 434 2836 dictamen
475 2793 552 2835 est
570 2806 588 2843 ;
634 2787 730 2835 hoc
771 2793 860 2845 est,
904 2785 987 2834 lex
1026 2792 1235 2846 naturae,
1272 2793 1327 2835 ut
1364 2788 1585 2850 proxime

184 2863 485 2912 ostendetur.
