1982 3256
183 430 311 463 sEcT.
332 432 380 464 11.

149 957 296 985 Distantia
308 956 387 984 oculi

149 1009 167 1028 a
185 1000 298 1037 dioptro
325 1000 395 1027 facit

149 1043 254 1080 utplus
263 1043 395 1070 minusve

149 1086 253 1123 objecti
262 1085 403 1119 videatur,

150 1138 208 1157 non
243 1132 276 1156 ut
304 1128 396 1165 magis

429 289 489 332 84
941 302 1010 336 DE
1038 303 1278 336 HOMINE.

428 409 595 458 nificat
616 410 992 461 instrumentum
1015 430 1110 476 quo
1134 430 1210 461 res
1229 413 1455 460 videntur
1478 429 1507 460 a
1524 413 1805 479 longinquo,

429 485 515 533 sed
528 486 689 548 potiu‘s
705 487 1092 551 microscopium,
1103 505 1199 552 quo
1216 488 1400 536 scilicet
1415 488 1606 551 objecta
1619 490 1806 539 minuta

429 569 666 624 apparent
703 577 880 625 magna
899 584 910 617 ;
955 564 1079 611 ratio
1117 572 1280 611 tamen
1318 563 1487 610 eadem
1524 573 1610 611 est.
1679 565 1806 613 Nam

428 636 743 698 telescopium
770 637 1034 699 quodlibet,
1059 638 1098 685 si
1121 638 1408 685 adhibeatur
1431 638 1494 685 ad
1523 639 1716 701 objecta
1736 640 1808 687 vi-

431 710 590 758 denda
614 728 722 774 quae
746 720 859 759 sunt
882 714 931 759 in
960 714 1181 775 proximo
1205 714 1376 776 posita,
1401 722 1451 760 et
1474 715 1535 761 ob
1560 730 1667 762 eam
1695 731 1808 762 cau-

430 802 533 833 sam
557 786 748 849 dioptra
767 788 886 850 ejus,
912 796 1148 850 quantum
1171 789 1285 836 satis
1310 795 1398 847 est,
1424 788 1730 848 diducantur,
1754 790 1810 837 fit

429 862 814 924 microscopium.

496 938 542 990 7.
569 937 626 983 In
649 937 923 999 telescopiis
946 937 1082 985 locus
1102 938 1229 985 oculi
1253 955 1352 985 non
1375 954 1669 1001 magnopere
1694 955 1810 986 con-

431 1011 685 1059 sideratur.
756 1012 883 1059 Nam
914 1013 954 1059 si
986 1013 1180 1075 quidem
1213 1013 1457 1076 dioptrum
1485 1014 1625 1061 oculo
1648 1014 1811 1076 proxi-

431 1103 564 1133 mum
588 1087 652 1133 sit
675 1102 957 1145 concavum,
983 1095 1165 1149 quanto
1193 1088 1392 1150 propior
1422 1088 1514 1151 ipsi
1537 1088 1703 1136 oculus
1727 1105 1812 1152 ap-

149 1172 415 1199 minusveconfuse·
430 1162 655 1224 plicatur,
692 1169 830 1209 tanto
864 1163 972 1224 plus
994 1162 1188 1210 videtur
1221 1163 1411 1226 objecti.
1481 1164 1608 1210 Nam
1632 1164 1715 1226 qui
1737 1164 1812 1211 in-

205 2820 406 2857 Telescopium

204 2865 310 2902 quibus
323 2864 410 2891 rebus

205 2909 239 2936 fit
252 2907 362 2935 melius.

433 1236 604 1298 spiciet
626 1237 833 1299 figuram
865 1245 1102 1299 quartam,
1134 1237 1274 1284 facile
1305 1238 1658 1286 animadvertet
1681 1239 1813 1302 quod

432 1319 619 1359 remoto
650 1320 834 1374 puncto
867 1313 911 1359 D
943 1313 1136 1375 longius
1173 1330 1202 1360 a
1237 1313 1427 1376 dioptro
1460 1315 1514 1360 M
1531 1315 1593 1372 N,
1622 1314 1812 1361 radium

435 1387 721 1433 KRNAD
759 1403 858 1440 non
895 1403 1037 1449 posse
1069 1388 1240 1435 cadere
1272 1388 1324 1434 in
1359 1397 1580 1435 centrum
1611 1388 1811 1443 retinae3

433 1461 561 1523 perit
583 1461 748 1523 itaque
771 1462 941 1524 puncti
966 1463 1011 1508 K
1036 1462 1258 1509 radiatio.
1295 1463 1466 1525 Itaque
1488 1471 1634 1525 prout
1656 1479 1812 1511 remo-

434 1542 605 1582 veatur
638 1535 820 1592 oculus,
853 1536 923 1582 ita
953 1543 1277 1583 extremarum
1299 1537 1512 1601 partium
1535 1538 1713 1600 objecti
1735 1554 1813 1585 ra-

436 1609 585 1656 diatio
614 1609 736 1656 nihil
764 1610 881 1672 agit,
908 1617 958 1656 et
997 1609 1201 1672 proinde
1238 1610 1289 1656 in
1324 1611 1592 1658 remotione
1631 1613 1814 1675 majore

435 1684 583 1731 totius
607 1683 785 1746 obJecti
816 1684 937 1730 visio
969 1683 1224 1731 amittitur.
1296 1684 1493 1743 Contra,
1516 1686 1814 1748 inspiciendo

436 1760 643 1822 figuram
669 1759 903 1821 quintam,
924 1759 1231 1806 manifestum
1259 1767 1332 1806 est
1367 1761 1496 1822 quod
1519 1761 1558 1808 si
1579 1769 1816 1823 punctum

441 1835 485 1881 D
509 1835 708 1897 propius
731 1835 793 1882 sit
817 1834 1011 1897 dioptro
1036 1835 1073 1881 F
1088 1835 1144 1893 G,
1168 1835 1358 1882 radium
1383 1836 1422 1882 L
1438 1836 1486 1882 H
1502 1837 1540 1882 F
1562 1852 1661 1884 non
1677 1853 1816 1899 posse

440 1909 641 1972 refringi
679 1910 742 1957 ad
782 1911 841 1968 D,
882 1910 967 1957 sed
1002 1911 1272 1958 necessario
1310 1927 1450 1958 axem
1490 1928 1651 1959 secare
1690 1912 1817 1960 infra

439 1984 612 2047 ipsum,
636 1985 844 2048 ideoque
867 1985 1025 2048 perire
1049 1985 1283 2033 visionem
1314 1987 1484 2048 puncti
1507 1987 1561 2034 L.
1610 1987 1755 2036 Quod
1777 1987 1817 2035 si

440 2059 598 2122 ipsum
623 2060 870 2123 dioptrum
899 2060 935 2107 F
950 2061 991 2108 G
1019 2060 1217 2108 finiatur
1245 2061 1295 2107 in
1325 2062 1376 2119 F,
1400 2068 1456 2108 ut
1478 2078 1576 2109 non
1599 2062 1661 2109 sit
1683 2062 1816 2109 locus

440 2135 742 2183 irradiationi
765 2144 902 2183 extra
923 2142 1158 2198 punctum
1184 2136 1236 2194 F,
1262 2143 1311 2183 et
1340 2143 1642 2184 removeatur
1663 2152 1817 2199 punc-

441 2220 547 2258 tum
582 2212 625 2258 D
659 2212 850 2274 longius
885 2228 914 2259 a
949 2211 1142 2274 dioptro
1178 2212 1285 2269 FG,
1317 2212 1386 2259 sic
1418 2227 1608 2274 quoque
1639 2211 1818 2274 peribit

442 2287 562 2334 visio
585 2288 755 2350 puncti
786 2289 851 2335 H.
922 2288 1091 2350 Itaque
1115 2288 1166 2334 in
1195 2303 1284 2334 axe
1314 2287 1474 2350 optico
1503 2287 1638 2334 locus
1661 2285 1817 2333 centri

443 2362 611 2409 retinae
650 2363 821 2410 unicus
862 2362 1040 2421 existit,
1083 2362 1162 2409 ubi
1199 2362 1375 2424 objecti
1406 2369 1568 2424 partes
1597 2360 1816 2423 plurimae

442 2437 596 2484 videri
619 2445 851 2499 possunt3
889 2437 959 2484 ita
981 2443 1036 2483 ut
1053 2443 1220 2483 centro
1238 2436 1280 2482 D
1296 2435 1409 2482 inde
1427 2442 1560 2482 moto
1584 2435 1682 2482 sive
1705 2450 1817 2496 pro-

442 2512 550 2574 pius
574 2511 637 2558 ad
661 2512 906 2574 dioptrum
939 2511 1038 2558 sive
1062 2511 1121 2558 ab
1147 2527 1203 2558 eo
1227 2510 1434 2573 longius,
1458 2510 1616 2557 minus
1641 2509 1819 2572 objecti

445 2602 634 2648 semper
657 2587 922 2648 apparebit.
969 2587 1056 2632 Est
1079 2596 1244 2632 autem
1267 2586 1400 2632 locus
1423 2585 1502 2631 ille
1525 2601 1554 2632 a
1578 2601 1672 2647 quo
1696 2584 1820 2631 radii

446 2678 556 2709 cum
571 2677 660 2708 axe
676 2661 836 2723 optico
853 2661 903 2707 in
919 2661 1024 2723 ipsa
1038 2660 1197 2707 retina
1211 2667 1552 2707 concurrentes
1568 2666 1822 2706 transeunt

445 2753 533 2799 per
557 2736 736 2798 dioptri
752 2737 811 2783 ab
828 2736 967 2783 oculo
984 2735 1255 2783 remotioris
1271 2735 1503 2782 terminos
1520 2742 1777 2781 extremos.

516 2817 560 2858 8.
586 2811 994 2874 Telescopiorum,
1019 2818 1125 2857 tum
1148 2810 1198 2857 in
1223 2809 1395 2872 quibus
1420 2809 1665 2872 dioptrum
1683 2809 1825 2857 oculo

450 2886 790 2950 applicandum
836 2902 1103 2934 concavum
1149 2891 1236 2943 est,
1277 2892 1382 2932 tum
1428 2900 1534 2948 quae
1581 2884 1826 2948 dioptrum
