1982 3256
453 236 517 281 58
960 251 1030 286 DE>
1059 252 1298 287 HoMlNE.

197 377 326 411 sectr,
347 378 397 413 11.
449 357 774 422 pendiculum,
800 369 941 410 erunt
974 363 1166 412 reflexae
1201 379 1365 411 earum
1399 363 1450 411 in
1484 362 1650 412 eadem
1679 373 1813 415 recta

287 429 317 460 6.

203 471 391 499 ffi--f--u

315 1883 410 1902 aaaaa

451 433 491 483 B
510 434 569 482 D.
637 435 892 486 Videbitur
926 453 1040 501 ergo
1076 439 1319 501 objectum
1352 439 1611 502 punctuale
1635 439 1678 487 D
1706 440 1813 504 (per

447 510 704 558 articulum
727 512 780 573 6)
807 511 979 576 inipso
1004 521 1171 561 centro
1191 514 1251 572 D,
1271 513 1414 561 modo
1436 504 1672 576 punctum
1693 515 1814 566 illud

447 593 665 635 sumatur
709 602 797 650 pro
843 597 1024 651 puncto
1075 590 1290 653 physico,
1336 596 1391 637 ut
1434 588 1588 636 videri
1643 591 1811 653 possit.

448 661 635 711 Puncta
670 663 798 710 enim
834 665 1174 713 mathematica
1219 664 1349 713 nullo
1389 663 1535 712 modo
1572 665 1813 715 sensibilia

446 743 576 797 sunt,
613 737 698 785 sed
744 744 935 786 tantum
975 739 1207 788 doctrinae
1248 755 1391 788 causa
1432 739 1810 790 considerabilia.

447 812 688 860 Punctum
712 829 826 877 ergo
850 813 1026 877 objecti
1050 823 1285 877 quatenus
1309 815 1463 862 videri
1485 822 1660 878 potest,
1677 817 1813 879 -posi-

446 893 551 934 tum
574 888 626 935 in
649 895 816 936 centro
841 889 1035 952 speculi,
1059 889 1240 937 ibidem
1271 905 1461 953 quoque
1498 897 1697 953 apparet
1725 906 1812 954 per

445 963 790 1011 reflectionem.
849 964 1070 1013 Addatur
1086 966 1189 1028 jam
1207 966 1395 1028 objecto
1412 965 1712 1029 magnitudo,
1733 981 1812 1014 ea-

445 1055 539 1102 que
563 1056 621 1086 ex
643 1047 848 1103 utraque
881 1047 1018 1103 parte
1054 1041 1209 1089 centri
1243 1041 1454 1104 aequaliS,
1477 1049 1533 1089 ut
1568 1042 1811 1105 objectum

444 1115 507 1163 sit
542 1115 657 1174 KL,
683 1122 732 1162 et
766 1132 795 1163 a
827 1116 1019 1178 punctis
1049 1117 1093 1164 K
1133 1123 1183 1163 et
1224 1116 1264 1163 L
1297 1115 1452 1163 ductis
1487 1116 1810 1166 incidentibus
1867 1112 1869 1114 ’

444 1190 490 1238 Κ
506 1190 576 1249 Μ,
601 1191 642 1238 L
656 1191 718 1247 N,
743 1206 947 1254 quarum
976 1192 1168 1240 reflexae
1198 1192 1294 1239 sint
1316 1192 1370 1238 M
1385 1192 1440 1250 Ε,
1466 1191 1512 1238 Ν
1531 1192 1587 1251 Ε,
1607 1193 1811 1255 junctis-

443 1281 538 1328 que
575 1265 615 1312 B
633 1267 693 1324 Κ,
720 1267 828 1325 BL,
869 1266 1073 1315 visuales
1111 1269 1150 1315 E
1170 1267 1240 1326 Μ,
1277 1267 1379 1315 ΕΝ
1418 1268 1650 1316 secabunt
1687 1268 1726 1317 B
1747 1269 1808 1328 K,

443 1341 484 1388 B
499 1341 553 1399 L,
573 1356 633 1388 ex
654 1356 753 1388 una
773 1349 911 1405 parte
933 1342 1060 1390 inter
1084 1343 1124 1390 B
1149 1350 1198 1390 et
1218 1340 1278 1401 Κ,
1299 1358 1357 1389 ex
1380 1342 1533 1391 altera
1554 1342 1682 1391 inter
1701 1344 1740 1391 B
1760 1352 1810 1393 et

442 1415 510 1471 L;
547 1422 602 1463 ut
625 1423 871 1465 ostensum
895 1418 1054 1471 estad
1075 1419 1223 1466 finem
1245 1418 1439 1466 articuli
1462 1424 1507 1466 6.
1555 1419 1670 1467 Non
1693 1435 1808 1483 ergo

441 1498 625 1555 puncta
648 1491 694 1539 K
719 1499 768 1540 et
790 1493 830 1539 L
854 1493 1138 1556 contingent
1171 1493 1404 1556 imagines
1439 1509 1563 1553 suas,
1588 1495 1674 1543 sed
1700 1497 1808 1543 uni-

441 1581 554 1613 cum
575 1574 808 1630 punctum
833 1569 878 1616 D
901 1568 952 1615 in
976 1576 1144 1616 centro
1167 1569 1379 1631 positum
1396 1569 1448 1617 id
1464 1569 1597 1618 facit.
1640 1571 1808 1635 Itaque

441 1642 480 1689 si
501 1650 737 1705 punctum
761 1642 939 1707 objecti
957 1651 1006 1691 et
1023 1644 1184 1707 imago
1203 1644 1417 1706 ejusdem
1441 1660 1490 1693 se
1512 1653 1682 1694 mutuo
1703 1653 1809 1694 tan-

439 1725 577 1780 gunt,
603 1724 677 1765 est
711 1724 963 1767 contactus
997 1718 1076 1767 ille
1110 1719 1162 1766 in
1196 1725 1362 1767 centro
1397 1718 1592 1784 speculi.
1663 1721 1809 1771 Quod

440 1800 545 1841 erat
566 1793 886 1856 probandum.

510 1874 583 1917 10.
623 1869 770 1918 Quod
800 1869 976 1917 attinet
1007 1870 1070 1918 ad
1107 1869 1435 1918 confusionem
1460 1887 1566 1935 quae
1588 1872 1639 1920 in
1663 1873 1807 1922 certis

438 1944 566 1991 oculi
590 1952 639 1992 et
663 1945 840 2007 objecti
863 1946 1180 2009 positionibus
1201 1947 1442 1994 observari
1463 1955 1637 2010 potest,
1655 1948 1805 1996 maxi-

424 2035 517 2067 ·ma
545 2019 763 2067 confusio
797 2026 914 2068 tunc
949 2021 1128 2069 accidit
1163 2021 1356 2085 quando
1392 2023 1635 2085 objectum
1658 2031 1732 2072 est
1755 2024 1806 2072 in

435 2095 564 2143 linea
586 2095 901 2158 apparitionis
932 2097 1170 2156 maximae,
1195 2113 1368 2160 nempe
1400 2114 1458 2146 ea
1493 2113 1602 2161 quae
1622 2098 1804 2148 faciens

436 2187 546 2218 cum
577 2171 922 2235 perpendiculo
960 2173 1087 2220 oculi
1123 2173 1326 2236 angulos
1359 2180 1517 2221 rectos
1540 2174 1805 2222 reflectitur

434 2247 664 2310 utrinque
699 2247 762 2295 ad
799 2248 1019 2303 oculum3
1057 2249 1209 2311 qualis
1243 2256 1317 2297 est
1348 2249 1400 2296 in
1422 2250 1578 2312 figura
1599 2255 1646 2308 6,
1670 2257 1805 2298 recta

434 2322 549 2371 AC.
619 2323 677 2370 In
713 2339 770 2370 ea
804 2323 955 2386 igitur
991 2324 1031 2371 si
1061 2332 1273 2387 ponatur
1307 2325 1564 2387 objectum,
1587 2331 1643 2372 ut
1665 2325 1720 2372 M
1739 2325 1801 2385 N,

433 2397 812 2462 unumquodque
830 2400 932 2462 ejus
949 2407 1186 2462 punctum
1204 2399 1445 2448 videbitur
1468 2407 1573 2447 tum
1594 2400 1646 2447 in
1668 2408 1803 2448 utra-

434 2491 527 2537 que
550 2474 721 2522 visuali
742 2475 782 2521 E
799 2474 859 2533 A,
880 2475 919 2521 E
940 2475 992 2533 C,
1011 2482 1116 2522 tum
1141 2476 1286 2523 etiam
1307 2476 1358 2522 in
1380 2474 1525 2522 tertia
1542 2474 1727 2534 visuali,
1745 2484 1802 2524 ut

433 2549 484 2597 in
506 2549 662 2612 figura
683 2550 788 2613 ipsa
809 2557 974 2613 patet3
1009 2567 1123 2598 nam
1147 2552 1200 2598 M
1224 2551 1416 2598 videtur
1436 2551 1488 2597 in
1509 2550 1680 2598 visuali
1702 2551 1725 2598 Ι
1743 2552 1799 2610 Ε,

433 2631 482 2672 et
516 2625 563 2672 N
598 2625 649 2672 in
682 2625 854 2674 visuali
890 2626 1008 2674 HE.
1080 2626 1224 2675 Quod
1258 2627 1297 2674 si
1337 2626 1503 2674 oculus
1537 2626 1800 2674 collocetur

432 2699 558 2747 inter
574 2701 805 2749 verticem
828 2708 878 2748 et
902 2709 1122 2750 centrum
1141 2701 1335 2766 speculi,
1355 2700 1564 2749 maxima
1583 2701 1799 2750 confusio

431 2781 550 2823 tunc
574 2775 666 2824 erit
698 2777 892 2840 quando
927 2794 1080 2841 prope
1114 2777 1234 2825 illud
1267 2783 1501 2840 punctum
1535 2776 1800 2825 collocatur

432 2852 615 2909 oculus,
638 2852 698 2900 in>
724 2869 818 2915 quo
857 2852 1212 2902 semidiameter
1233 2853 1302 2901 ita
1324 2852 1475 2900 divisa
1499 2859 1586 2912 est,
1610 2859 1665 2901 ut
1686 2868 1798 2916 pars
