2020 3262
620 232 887 269 musa-om
913 231 1308 267 nnch'romA.
1633 225 1724 269 139

201 377 407 444 institiae
441 377 782 442 appellatione,
818 391 916 440 qua
949 381 1179 423 constans
1213 375 1439 423 voluntas
1469 376 1732 439 unicuique

166 523 172 530 .
192 478 287 542 jus
308 493 446 526 suum
468 476 718 526 tribuendi
739 476 1061 540 significatur,
1097 475 1416 539 quaerendum
1437 476 1574 539 prius
1609 492 1730 537 esse,

203 577 339 628 unde
366 585 495 627 esset
525 577 659 642 quod
689 577 796 641 quis
827 592 932 625 rem
966 577 1181 640 aliquam
1211 591 1352 623 suam
1385 575 1551 639 potius
1583 592 1732 639 quam

200 676 423 726 alienam
447 693 550 726 esse
574 677 773 725 diceret.
845 675 995 731 Quod
1024 692 1140 724 cum
1173 692 1275 724 non
1305 691 1336 723 a
1362 682 1555 735 natura,
1590 676 1677 724 sed
1706 692 1736 723 a

195 766 450 828 ‚consensu
471 779 727 827 hominum
747 777 1026 842 profectum
1045 784 1326 833 constaret3
1361 793 1479 826 nam
1514 793 1625 842 quae
1647 794 1732 826 na-

204 886 321 930 tura
341 880 394 928 in
415 880 634 929 medium
655 879 876 943 protulit,
899 878 1122 927 homines
1145 884 1319 942 postea
1341 851 1698 926 distribuerunt
1723 893 1735 928 3

18 983 22 994 ¹
49 951 61 959 .
90 995 107 1011 -,
158 1017 161 1019 —
202 980 423 1030 ducebar
457 980 573 1029 inde
595 980 661 1029 ad
684 981 1005 1044 quaestionem
1028 979 1190 1039 aliam,
1226 979 1475 1039 nimirum,
1500 979 1581 1027 cui
1602 979 1734 1027 bono

206 1085 260 1130 'et
280 1097 384 1146 qua-
406 1081 699 1130 necessitate
735 1080 912 1140 coacti,
948 1096 1061 1128 cum
1098 1080 1266 1128 omnia
1299 1086 1465 1128 essent
1501 1080 1736 1140 omnium,

206 1181 453 1232 voluerint
489 1182 656 1247 potius
696 1198 786 1231 sua
825 1182 1002 1246 cuique
1042 1198 1149 1230 esse
1195 1182 1409 1247 propria.
1495 1181 1736 1230 Videbam

203 1289 373 1332 autem
393 1299 457 1331 ex
479 1282 830 1333 communitate
864 1298 1029 1331 rerum
1059 1282 1242 1331 bellum
1276 1290 1423 1346 atque
1452 1282 1566 1331 inde
1594 1298 1739 1331 omne

208 1398 366 1448 genus
389 1383 697 1442 calamitatiS,
720 1383 1003 1431 hominibus
1022 1382 1083 1431 de
1102 1398 1271 1431 earum
1289 1399 1383 1431 usu
1398 1398 1487 1446 per
1508 1383 1610 1431 vim
1633 1398 1739 1431 cer-

208 1483 446 1543 tantibus,
483 1484 760 1533 necessario
795 1490 1115 1547 sequuturum
1151 1499 1284 1539 esse;
1320 1483 1373 1531 id
1407 1483 1540 1547 quod
1569 1500 1740 1533 omnes

208 1589 389 1632 natura
421 1583 634 1648 fugiunt.
721 1583 912 1632 Nactus
947 1599 1066 1647 ergo
1104 1583 1202 1632 duo
1240 1583 1512 1632 certissima
1546 1590 1740 1632 naturae

210 1683 438 1732 humanae
459 1684 719 1748 postulata,
743 1699 897 1732 unum
920 1684 1205 1748 cupiditatis
1223 1685 1477 1744 naturalis,
1497 1701 1595 1749 qua
1610 1684 1741 1748 quis-

212 1797 309 1848 que
340 1799 508 1832 rerum
543 1785 876 1834 communium
908 1800 1054 1833 usum
1087 1785 1303 1848 postulat
1334 1785 1428 1833 sibi
1453 1785 1739 1849 proprium;

210 1884 423 1934 alterum
435 1885 640 1934 rationis
652 1885 905 1946 naturaIiS,
922 1902 1020 1951 qua
1034 1886 1239 1951 quisque
1253 1892 1463 1935 mortem
1476 1886 1741 1935 violentam

211 1991 448 2050 tanquam
471 2001 715 2034 summum
736 1993 929 2035 naturae
951 1987 1135 2036 malum
1158 1987 1324 2036 studet
1346 1987 1529 2036 evitare
1548 2008 1562 2044 ;
1585 1987 1647 2036 ab
1665 1987 1741 2036 his

211 2085 465 2151 principiis
491 2094 749 2151 pactorum
775 2094 827 2137 et
856 2087 973 2136 fidei
1000 2088 1347 2138 conservandae
1379 2088 1740 2150 necessitatem,

211 2194 361 2252 atque
392 2187 508 2237 inde
541 2188 740 2237 virtutis
772 2188 971 2238 moralis
1004 2189 1372 2253 officiorumque
1405 2189 1620 2238 civilium
1643 2189 1742 2238 ele-

212 2294 397 2348 menta,
420 2287 474 2337 in
494 2287 589 2336 hac
621 2288 797 2352 opella,
834 2288 1198 2338 evidentissima
1231 2289 1536 2338 connexione
1569 2289 1740 2339 videor

213 2388 335 2438 mihi
356 2388 729 2438 demonstrasse.
801 2390 948 2445 Quod
982 2391 1231 2455 adjectum
1263 2398 1337 2440 est
1365 2390 1426 2439 de
1453 2406 1606 2454 regno
1630 2392 1738 2451 Dei,

211 2504 276 2539 eo
309 2489 514 2538 consilio
547 2489 736 2538 factum
772 2497 861 2550 est,
897 2507 960 2539 ne
991 2491 1111 2555 quid
1140 2492 1270 2540 inter
1302 2491 1487 2540 dictata
1522 2491 1616 2539 Dei
1650 2508 1740 2556 per

213 2596 458 2650 naturam,
498 2596 550 2639 et
592 2590 753 2655 legem
787 2591 879 2640 Dei
913 2591 1147 2641 traditam
1170 2593 1222 2641 in
1247 2593 1527 2657 Scripturis‚
1561 2609 1738 2658 repug-

117 2668 146 2675 „
214 2691 397 2742 nantiae
433 2707 539 2741 esse
569 2692 832 2742 videretur.
908 2694 1122 2759 Operam
1155 2695 1304 2744 etiam
1337 2695 1620 2760 diligentem
1651 2713 1740 2761 per

216 2797 378 2842 totum
411 2807 607 2842 cursum
642 2792 876 2842 orationis
911 2809 1033 2843 meae
1067 2793 1196 2854 dedi,
1231 2810 1295 2842 ne
1325 2794 1445 2859 quid
1468 2794 1529 2844 de
1546 2795 1738 2860 legibus

218 2893 550 2960 cujuscunque
583 2895 796 2945 nationis
829 2894 1053 2946 civilibus
1084 2896 1312 2957 dicerem,
1358 2897 1411 2946 id
1445 2905 1535 2958 est,
1573 2915 1635 2947 ne
1676 2898 1739 2946 ad
