2020 3262
808 263 900 307 331

623 723 1078 781 RELIGIO.

680 1020 896 1073 CAPUT
929 1020 1041 1069 XV.

463 1137 527 1175 DE
562 1137 723 1173 REGNO
756 1137 840 1174 DEI
876 1137 970 1171 PER
1004 1137 1256 1174 NATURAM

166 1225 202 1266 l.
228 1222 446 1274 Propositio
476 1221 898 1273 sequentium-2111
931 1234 1028 1273 quos
1059 1223 1210 1262 dicatur
1245 1223 1356 1263 Deus
1386 1237 1559 1276 regnare.

215 1289 254 1327 3.
280 1285 454 1327 Verbum
478 1284 555 1325 Dei
581 1284 742 1336 triplex.
769 1284 878 1330 ratio,
902 1284 1097 1331 revelatio,
1122 1286 1335 1336 prophetia.
1388 1290 1427 1326 4.
1457 1287 1560 1338 Reg

214 1358 310 1392 ιιιιιιι
328 1345 406 1390 Dei
424 1345 578 1401 duplex,
593 1345 765 1384 naturale
780 1349 819 1383 et
831 1346 1113 1398 propheticum.
1167 1350 1205 1391 5.
1233 1347 1260 1387 J
1264 1360 1317 1394 us
1333 1360 1410 1399 quo
1425 1354 1561 1398 regnat

213 1407 334 1454 Deus,
360 1408 476 1447 situm
495 1413 552 1446 est
578 1408 617 1445 in
643 1408 920 1457 omnipotentia
947 1407 1040 1459 ejus
1094 1412 1131 1448 6.
1160 1409 1270 1448 Idem
1295 1422 1343 1447 ex
1363 1409 1561 1460 Scriptura

214 1469 343 1509 Sacra.
396 1470 435 1512 7.
455 1469 743 1521 Obligationem
758 1470 986 1508 obedientiae
1004 1470 1092 1509 Deo
1110 1472 1337 1521 praestandae
1352 1472 1560 1522 procedere

212 1532 264 1571 ab
281 1531 542 1574 imbecillitate
560 1532 739 1572 humana.
793 1535 830 1570 8.
859 1531 985 1582 Leges
1004 1531 1110 1570 Dei
1099 1545 1139 1571 ιιι
1157 1545 1277 1583 regno
1295 1534 1460 1572 naturali
1478 1547 1560 1572 esse

212 1606 288 1645 eas,
301 1606 390 1647 quae
403 1593 574 1633 secundo
588 1598 627 1631 et
639 1594 753 1633 tertio
767 1594 957 1644 capitibus
970 1606 1087 1644 supra
1100 1595 1270 1635 recitatae
1284 1600 1384 1636 sunt.
1417 1599 1455 1636 9.
1473 1595 1560 1635 Ho-

212 1668 285 1700 nor
302 1660 343 1699 et
365 1655 502 1702 cultus,
527 1654 621 1707 quid
646 1659 746 1692 sunt.
802 1658 864 1699 10.
894 1655 1053 1694 Cultum
1081 1657 1287 1699 consistere
1309 1656 1404 1695 vel
1394 1671 1434 1698 ιιι
1453 1659 1559 1698 attri-

214 1717 328 1763 butis,
351 1717 414 1755 vel
439 1717 480 1754 in
507 1715 735 1755 actionibus.
793 1719 854 1755 11.
883 1716 935 1754 Ει
957 1729 1038 1755 esse
1062 1717 1180 1756 alium
1197 1718 1421 1764 naturalem,
1440 1719 1558 1759 alium

213 1778 469 1818 arbitrarium.
516 1780 579 1817 12.
608 1775 771 1816 Alium
755 1790 917 1828 Jussum,
936 1778 1054 1816 alium
1070 1783 1335 1829 spontaneum.
1380 1783 1441 1820 13.
1461 1782 1558 1825 Quis

212 1841 263 1879 sit
289 1840 415 1880 cultus
440 1839 528 1878 finis
554 1852 624 1878 seu
649 1852 799 1890 scopus.
856 1842 917 1879 14«.
947 1840 1135 1883 Quaenam
1151 1841 1228 1879 sint
1244 1841 1349 1893 leges
1366 1845 1558 1883 naturales

213 1903 317 1946 cirea
333 1902 412 1945 Dei
429 1902 625 1943 attributa.
681 1904 742 1942 15.
771 1902 959 1946 Quaenam
985 1902 1062 1943 sint
1084 1903 1265 1951 actiones,
1284 1905 1425 1955 quibus
1452 1906 1557 1947 exhi-

213 1965 328 2009 betur
345 1964 471 2008 cultus
488 1964 725 2006 natm-aliteri
780 1965 917 2007 16-111
935 1978 1054 2017 regno
1072 1964 1150 2005 Dei
1168 1967 1346 2012 naturali,
1363 1968 1558 2007 civitatem

212 2040 325 2081 posse
342 2027 489 2066 cultum
507 2025 585 2066 Dei
610 2026 810 2065 instituere
834 2027 992 2066 arbitrio
1018 2039 1100 2066 suo.
1156 2028 1218 2070 17.
1246 2027 1450 2080 Regnante
1469 2029 1558 2069 Deo

213 2103 284 2141 per
300 2093 478 2128 naturam
494 2089 626 2136 solam,
644 2089 773 2141 legum
792 2090 964 2127 omnium
984 2089 1232 2140 interpretem
1251 2103 1333 2129 esse
1350 2092 1556 2138 civitatem,

213 2154 255 2192 id
272 2158 341 2200 est,
360 2166 451 2192 eum
469 2153 664 2192 hominem
680 2152 741 2192 vel
760 2153 917 2198 curiam,
946 2164 1034 2203 quae
1053 2152 1170 2190 habet
1195 2153 1268 2191 sub
1286 2153 1375 2192 Deo
1393 2154 1558 2193 civitatis

213 2216 419 2267 imperium
431 2227 635 2257 summum.
669 2217 731 2256 18.
749 2214 1022 2257 Dubitationes
1036 2214 1215 2265 quaedam
1228 2215 1402 2258 sublatae.
1431 2220 1494 2257 19.
1509 2221 1556 2257 In

212 2290 334 2331 regno
352 2277 431 2316 Dei
447 2277 625 2324 naturali,
641 2277 735 2328 quid
752 2277 803 2319 sit
818 2281 1032 2333 peccatum,
1046 2282 1085 2318 et
1098 2277 1192 2335 quid
1206 2278 1351 2321 crimen
1364 2278 1465 2319 laesae
1478 2292 1559 2319 ma,

207 2339 357 2398 jestatis
375 2341 527 2381 divinae.

167 2444 210 2487 1.
247 2437 415 2487 Quen
452 2441 610 2487 status
643 2442 852 2496 naturae,
887 2436 983 2487 hoc
1017 2443 1108 2496 est,
1143 2437 1385 2487 libertatis
1417 2439 1557 2488 abso-

160 2514 295 2575 lutae,
334 2513 492 2579 qualis
528 2520 603 2563 est
637 2528 807 2562 eorum
841 2513 926 2577 qui
948 2529 1108 2577 neque
1148 2522 1362 2578 regnant
1395 2531 1556 2580 neque

161 2596 448 2655 regnantur,
489 2589 723 2640 anarchia
761 2589 827 2639 sit
866 2597 918 2639 et
959 2596 1115 2639 status
1154 2589 1374 2648 hostilis3
1421 2593 1556 2656 quod

161 2673 424 2732 praecepta,
461 2666 636 2730 quibus
664 2665 776 2715 talis
818 2671 976 2715 status
1016 2666 1244 2726 evitatur,
1281 2667 1379 2716 sint
1413 2668 1558 2734 leges·

163 2749 391 2799 παίωνες
428 2742 561 2807 quod
584 2741 990 2792 civitas‘existere
1013 2742 1118 2793 sine
1136 2758 1328 2792 summo
1349 2744 1555 2809 imperio

163 2835 265 2868 non
285 2819 470 2884 possin
505 2819 638 2884 quod
655 2819 730 2879 iis,
755 2819 841 2883 qui
875 2835 1119 2868 summum
1145 2819 1406 2884 imperium
1429 2822 1557 2871 obti-

163 2903 300 2964 nent,
318 2896 647 2954 obediendum
670 2896 735 2947 sit
756 2895 1057 2961 simpliciter,
1074 2895 1127 2946 id
1146 2903 1238 2957 est,
1255 2897 1307 2947 in
1331 2899 1557 2949 omnibus

1590 2443 1721 2478 SECT.
1738 2446 1811 2479 111.

1682 2497 1733 2528 15.

1593 2585 1754 2623 Propositio

1591 2631 1782 2669 sequentium.
