<?xml version="1.0" encoding="UTF-8"?>
<!DOCTYPE html PUBLIC "-//W3C//DTD XHTML 1.0 Transitional//EN"
    "http://www.w3.org/TR/xhtml1/DTD/xhtml1-transitional.dtd">
<html xmlns="http://www.w3.org/1999/xhtml" xml:lang="en" lang="en">
 <head>
  <title>
</title>
<meta http-equiv="Content-Type" content="text/html;charset=utf-8" />
  <meta name='ocr-system' content='tesseract 3.04.00' />
  <meta name='ocr-capabilities' content='ocr_page ocr_carea ocr_par ocr_line ocrx_word'/>
</head>
<body>
  <div class='ocr_page' id='page_1' title='image "./operaphilosophic02hobbuoft_0140.png"; bbox 0 0 2020 3262; ppageno 0'>
   <div class='ocr_carea' id='block_1_1' title="bbox 469 251 1325 297">
    <p class='ocr_par' dir='ltr' id='par_1_1' title="bbox 469 251 1325 297">
     <span class='ocr_line' id='line_1_1' title="bbox 469 251 1325 297; baseline 0.004 -3"><span class='ocrx_word' id='word_1_1' title='bbox 469 251 559 294; x_wconf 86' lang='lat'><strong>126</strong></span> <span class='ocrx_word' id='word_1_2' title='bbox 985 263 1325 297; x_wconf 81' lang='lat' dir='ltr'><strong>DEHOMINE.</strong></span> 
     </span>
    </p>
   </div>
   <div class='ocr_carea' id='block_1_2' title="bbox 168 370 1847 2766">
    <p class='ocr_par' dir='ltr' id='par_1_2' title="bbox 213 370 1847 436">
     <span class='ocr_line' id='line_1_2' title="bbox 213 370 1847 436; baseline 0.006 -20"><span class='ocrx_word' id='word_1_3' title='bbox 213 392 340 424; x_wconf 75' lang='lat' dir='ltr'><strong>SECT,</strong></span> <span class='ocrx_word' id='word_1_4' title='bbox 360 393 409 426; x_wconf 75' lang='lat'><strong>11,</strong></span> <span class='ocrx_word' id='word_1_5' title='bbox 463 370 666 431; x_wconf 86' lang='lat' dir='ltr'><strong>nionum</strong></span> <span class='ocrx_word' id='word_1_6' title='bbox 690 386 860 418; x_wconf 88' lang='lat' dir='ltr'><strong>eorum</strong></span> <span class='ocrx_word' id='word_1_7' title='bbox 882 371 1150 432; x_wconf 89' lang='lat' dir='ltr'><strong>hominum,</strong></span> <span class='ocrx_word' id='word_1_8' title='bbox 1177 373 1259 436; x_wconf 89' lang='lat' dir='ltr'><strong>qui</strong></span> <span class='ocrx_word' id='word_1_9' title='bbox 1282 373 1445 436; x_wconf 90' lang='lat' dir='ltr'><strong>plures</strong></span> <span class='ocrx_word' id='word_1_10' title='bbox 1462 373 1591 422; x_wconf 83' lang='lat' dir='ltr'>Deos</span> <span class='ocrx_word' id='word_1_11' title='bbox 1615 391 1717 424; x_wconf 83' lang='lat' dir='ltr'><strong>esse</strong></span> <span class='ocrx_word' id='word_1_12' title='bbox 1741 393 1847 426; x_wconf 85' lang='lat' dir='ltr'><strong>cre-</strong></span> 
     </span>
    </p>

    <p class='ocr_par' dir='ltr' id='par_1_3' title="bbox 288 435 1842 512">
     <span class='ocr_line' id='line_1_3' title="bbox 288 435 1842 512; baseline 0.005 -20"><span class='ocrx_word' id='word_1_13' title='bbox 288 435 338 474; x_wconf 68' lang='lat'><strong>14·</strong></span> <span class='ocrx_word' id='word_1_14' title='bbox 464 445 659 505; x_wconf 85' lang='lat' dir='ltr'><strong>debant,</strong></span> <span class='ocrx_word' id='word_1_15' title='bbox 696 447 926 494; x_wconf 90' lang='lat' dir='ltr'><strong>nimirum</strong></span> <span class='ocrx_word' id='word_1_16' title='bbox 973 448 1055 510; x_wconf 91' lang='lat' dir='ltr'><strong>qui</strong></span> <span class='ocrx_word' id='word_1_17' title='bbox 1091 456 1288 511; x_wconf 84' lang='lat' dir='ltr'><strong>gentem</strong></span> <span class='ocrx_word' id='word_1_18' title='bbox 1334 450 1578 511; x_wconf 89' lang='lat' dir='ltr'><strong>quandam</strong></span> <span class='ocrx_word' id='word_1_19' title='bbox 1615 452 1842 512; x_wconf 79' lang='lat' dir='ltr'><strong>caelitum,</strong></span> 
     </span>
    </p>

    <p class='ocr_par' dir='ltr' id='par_1_4' title="bbox 199 521 1840 588">
     <span class='ocr_line' id='line_1_4' title="bbox 199 521 1840 588; baseline 0.007 -25"><span class='ocrx_word' id='word_1_20' title='bbox 199 535 416 588; x_wconf 49' lang='lat' dir='ltr'><strong>cgqeugsugor.</strong></span> <span class='ocrx_word' id='word_1_21' title='bbox 462 521 599 584; x_wconf 83' lang='lat' dir='ltr'><strong>quasi</strong></span> <span class='ocrx_word' id='word_1_22' title='bbox 621 522 872 570; x_wconf 89' lang='lat' dir='ltr'><strong>hominum</strong></span> <span class='ocrx_word' id='word_1_23' title='bbox 896 524 1139 570; x_wconf 89' lang='lat' dir='ltr'><strong>aeriorum</strong></span> <span class='ocrx_word' id='word_1_24' title='bbox 1163 524 1424 582; x_wconf 88' lang='lat' dir='ltr'><strong>civitatem,</strong></span> <span class='ocrx_word' id='word_1_25' title='bbox 1453 541 1556 572; x_wconf 88' lang='lat' dir='ltr'><strong>esse</strong></span> <span class='ocrx_word' id='word_1_26' title='bbox 1589 527 1840 588; x_wconf 90' lang='lat' dir='ltr'><strong>putabant,</strong></span> 
     </span>
    </p>

    <p class='ocr_par' dir='ltr' id='par_1_5' title="bbox 197 583 1840 664">
     <span class='ocr_line' id='line_1_5' title="bbox 197 583 1840 664; baseline 0.004 -21"><span class='ocrx_word' id='word_1_27' title='bbox 197 583 393 609; x_wconf 65' lang='lat' dir='ltr'><strong>summam.</strong></span> <span class='ocrx_word' id='word_1_28' title='bbox 460 598 694 659; x_wconf 89' lang='lat' dir='ltr'><strong>majorem</strong></span> <span class='ocrx_word' id='word_1_29' title='bbox 725 598 874 645; x_wconf 89' lang='lat' dir='ltr'><strong>habet</strong></span> <span class='ocrx_word' id='word_1_30' title='bbox 896 599 1182 646; x_wconf 88' lang='lat' dir='ltr'><strong>varietatem</strong></span> <span class='ocrx_word' id='word_1_31' title='bbox 1212 615 1358 661; x_wconf 84' lang='lat' dir='ltr'><strong>quam</strong></span> <span class='ocrx_word' id='word_1_32' title='bbox 1386 606 1441 646; x_wconf 92' lang='lat' dir='ltr'><strong>ut</strong></span> <span class='ocrx_word' id='word_1_33' title='bbox 1463 600 1651 647; x_wconf 90' lang='lat' dir='ltr'><strong>narrari</strong></span> <span class='ocrx_word' id='word_1_34' title='bbox 1672 602 1840 664; x_wconf 85' lang='lat' dir='ltr'><strong>possit.</strong></span> 
     </span>
    </p>

    <p class='ocr_par' dir='ltr' id='par_1_6' title="bbox 458 672 1840 737">
     <span class='ocr_line' id='line_1_6' title="bbox 458 672 1840 737; baseline 0.004 -18"><span class='ocrx_word' id='word_1_35' title='bbox 458 672 619 719; x_wconf 92' lang='lat' dir='ltr'><strong>Etiam</strong></span> <span class='ocrx_word' id='word_1_36' title='bbox 639 672 729 720; x_wconf 89' lang='lat' dir='ltr'><strong>diis</strong></span> <span class='ocrx_word' id='word_1_37' title='bbox 744 673 837 720; x_wconf 90' lang='lat' dir='ltr'><strong>illis</strong></span> <span class='ocrx_word' id='word_1_38' title='bbox 851 674 1068 736; x_wconf 84' lang='lat' dir='ltr'>linguam</span> <span class='ocrx_word' id='word_1_39' title='bbox 1085 675 1335 737; x_wconf 84' lang='lat' dir='ltr'>propriam</span> <span class='ocrx_word' id='word_1_40' title='bbox 1354 675 1445 721; x_wconf 84' lang='lat' dir='ltr'><strong>sibi</strong></span> <span class='ocrx_word' id='word_1_41' title='bbox 1466 675 1613 723; x_wconf 88' lang='lat' dir='ltr'><strong>fuisse</strong></span> <span class='ocrx_word' id='word_1_42' title='bbox 1630 676 1682 724; x_wconf 92' lang='lat' dir='ltr'><strong>in</strong></span> <span class='ocrx_word' id='word_1_43' title='bbox 1701 677 1840 737; x_wconf 88' lang='lat' dir='ltr'><strong>coelo,</strong></span> 
     </span>
    </p>

    <p class='ocr_par' dir='ltr' id='par_1_7' title="bbox 458 739 1842 810">
     <span class='ocr_line' id='line_1_7' title="bbox 458 739 1842 810; baseline 0.004 -16"><span class='ocrx_word' id='word_1_44' title='bbox 458 747 695 810; x_wconf 84' lang='lat' dir='ltr'><strong>aliterque</strong></span> <span class='ocrx_word' id='word_1_45' title='bbox 737 749 797 795; x_wconf 91' lang='lat' dir='ltr'><strong>ab</strong></span> <span class='ocrx_word' id='word_1_46' title='bbox 837 739 1115 796; x_wconf 89' lang='lat' dir='ltr'><strong>hominibus</strong></span> <span class='ocrx_word' id='word_1_47' title='bbox 1156 749 1295 796; x_wconf 88' lang='lat' dir='ltr'><strong>aliter</strong></span> <span class='ocrx_word' id='word_1_48' title='bbox 1332 766 1361 796; x_wconf 91' lang='lat' dir='ltr'><strong>a</strong></span> <span class='ocrx_word' id='word_1_49' title='bbox 1407 749 1498 797; x_wconf 89' lang='lat' dir='ltr'><strong>diis</strong></span> <span class='ocrx_word' id='word_1_50' title='bbox 1538 751 1730 798; x_wconf 88' lang='lat' dir='ltr'><strong>easdem</strong></span> <span class='ocrx_word' id='word_1_51' title='bbox 1763 767 1842 800; x_wconf 86' lang='lat' dir='ltr'><strong>res</strong></span> 
     </span>
    </p>

    <p class='ocr_par' dir='ltr' id='par_1_8' title="bbox 458 822 1843 886">
     <span class='ocr_line' id='line_1_8' title="bbox 458 822 1843 886; baseline 0.004 -17"><span class='ocrx_word' id='word_1_52' title='bbox 458 822 698 870; x_wconf 89' lang='lat' dir='ltr'><strong>nominari</strong></span> <span class='ocrx_word' id='word_1_53' title='bbox 736 824 1076 878; x_wconf 88' lang='lat' dir='ltr'><strong>crediderunt;</strong></span> <span class='ocrx_word' id='word_1_54' title='bbox 1108 832 1164 871; x_wconf 91' lang='lat' dir='ltr'><strong>ut</strong></span> <span class='ocrx_word' id='word_1_55' title='bbox 1209 824 1291 886; x_wconf 89' lang='lat' dir='ltr'><strong>qui</strong></span> <span class='ocrx_word' id='word_1_56' title='bbox 1339 825 1573 873; x_wconf 88' lang='lat' dir='ltr'><strong>Romulus</strong></span> <span class='ocrx_word' id='word_1_57' title='bbox 1607 826 1659 873; x_wconf 93' lang='lat' dir='ltr'><strong>in</strong></span> <span class='ocrx_word' id='word_1_58' title='bbox 1698 827 1843 875; x_wconf 86' lang='lat' dir='ltr'><strong>terris</strong></span> 
     </span>
    </p>

    <p class='ocr_par' dir='ltr' id='par_1_9' title="bbox 461 897 1841 963">
     <span class='ocr_line' id='line_1_9' title="bbox 461 897 1841 963; baseline 0.004 -19"><span class='ocrx_word' id='word_1_59' title='bbox 461 897 694 945; x_wconf 74' lang='lat' dir='ltr'><strong>Quirinus</strong></span> <span class='ocrx_word' id='word_1_60' title='bbox 717 899 768 946; x_wconf 91' lang='lat' dir='ltr'><strong>in</strong></span> <span class='ocrx_word' id='word_1_61' title='bbox 790 899 912 946; x_wconf 87' lang='lat' dir='ltr'><strong>coelo</strong></span> <span class='ocrx_word' id='word_1_62' title='bbox 930 899 1172 947; x_wconf 83' lang='lat' dir='ltr'><strong>diceretur</strong></span> <span class='ocrx_word' id='word_1_63' title='bbox 1193 920 1204 952; x_wconf 85' lang='lat'>;</span> <span class='ocrx_word' id='word_1_64' title='bbox 1225 900 1540 963; x_wconf 83' lang='lat' dir='ltr'><strong>similiterque</strong></span> <span class='ocrx_word' id='word_1_65' title='bbox 1558 901 1608 948; x_wconf 91' lang='lat' dir='ltr'><strong>in</strong></span> <span class='ocrx_word' id='word_1_66' title='bbox 1632 901 1735 949; x_wconf 87' lang='lat' dir='ltr'><strong>aliis</strong></span> <span class='ocrx_word' id='word_1_67' title='bbox 1753 918 1841 950; x_wconf 91' lang='lat' dir='ltr'><strong>no-</strong></span> 
     </span>
    </p>

    <p class='ocr_par' dir='ltr' id='par_1_10' title="bbox 458 972 1841 1037">
     <span class='ocr_line' id='line_1_10' title="bbox 458 972 1841 1037; baseline 0.004 -18"><span class='ocrx_word' id='word_1_68' title='bbox 458 972 684 1032; x_wconf 88' lang='lat' dir='ltr'><strong>minibus,</strong></span> <span class='ocrx_word' id='word_1_69' title='bbox 708 982 765 1021; x_wconf 88' lang='lat' dir='ltr'><strong>ut</strong></span> <span class='ocrx_word' id='word_1_70' title='bbox 796 975 926 1037; x_wconf 87' lang='lat' dir='ltr'><strong>apud</strong></span> <span class='ocrx_word' id='word_1_71' title='bbox 948 983 1118 1037; x_wconf 86' lang='lat' dir='ltr'><strong>poetas</strong></span> <span class='ocrx_word' id='word_1_72' title='bbox 1148 976 1358 1034; x_wconf 82' lang='lat' dir='ltr'><strong>Graeeos,</strong></span> <span class='ocrx_word' id='word_1_73' title='bbox 1391 977 1608 1024; x_wconf 83' lang='lat' dir='ltr'><strong>ecclesiae</strong></span> <span class='ocrx_word' id='word_1_74' title='bbox 1632 977 1841 1026; x_wconf 86' lang='lat' dir='ltr'><strong>ethnicae</strong></span> 
     </span>
    </p>

    <p class='ocr_par' dir='ltr' id='par_1_11' title="bbox 456 1049 1840 1115">
     <span class='ocr_line' id='line_1_11' title="bbox 456 1049 1840 1115; baseline 0.004 -21"><span class='ocrx_word' id='word_1_75' title='bbox 456 1055 635 1110; x_wconf 89' lang='lat' dir='ltr'><strong>patres,</strong></span> <span class='ocrx_word' id='word_1_76' title='bbox 674 1049 838 1096; x_wconf 89' lang='lat' dir='ltr'><strong>videre</strong></span> <span class='ocrx_word' id='word_1_77' title='bbox 879 1057 980 1105; x_wconf 80' lang='lat' dir='ltr'><strong>est3</strong></span> <span class='ocrx_word' id='word_1_78' title='bbox 1018 1050 1189 1097; x_wconf 89' lang='lat' dir='ltr'><strong>eodem</strong></span> <span class='ocrx_word' id='word_1_79' title='bbox 1225 1051 1326 1097; x_wconf 87' lang='lat' dir='ltr'><strong>fere</strong></span> <span class='ocrx_word' id='word_1_80' title='bbox 1361 1051 1521 1109; x_wconf 91' lang='lat' dir='ltr'><strong>modo,</strong></span> <span class='ocrx_word' id='word_1_81' title='bbox 1561 1067 1655 1114; x_wconf 89' lang='lat' dir='ltr'><strong>quo</strong></span> <span class='ocrx_word' id='word_1_82' title='bbox 1694 1068 1840 1115; x_wconf 88' lang='lat' dir='ltr'><strong>quam</strong></span> 
     </span>
    </p>

    <p class='ocr_par' dir='ltr' id='par_1_12' title="bbox 457 1123 1839 1188">
     <span class='ocr_line' id='line_1_12' title="bbox 457 1123 1839 1188; baseline 0.004 -20"><span class='ocrx_word' id='word_1_83' title='bbox 457 1138 545 1169; x_wconf 92' lang='lat' dir='ltr'><strong>nos</strong></span> <span class='ocrx_word' id='word_1_84' title='bbox 578 1123 846 1182; x_wconf 74' lang='lat' dir='ltr'><strong>civitatem,</strong></span> <span class='ocrx_word' id='word_1_85' title='bbox 870 1125 1076 1187; x_wconf 85' lang='lat' dir='ltr'><strong>populus</strong></span> <span class='ocrx_word' id='word_1_86' title='bbox 1101 1125 1303 1173; x_wconf 88' lang='lat' dir='ltr'><strong>clericus</strong></span> <span class='ocrx_word' id='word_1_87' title='bbox 1328 1126 1539 1188; x_wconf 85' lang='lat' dir='ltr'><strong>appellat</strong></span> <span class='ocrx_word' id='word_1_88' title='bbox 1562 1126 1839 1186; x_wconf 72' lang='lat' dir='ltr'><strong>ecclesiam,</strong></span> 
     </span>
    </p>

    <p class='ocr_par' dir='ltr' id='par_1_13' title="bbox 456 1197 1841 1265">
     <span class='ocr_line' id='line_1_13' title="bbox 456 1197 1841 1265; baseline 0.004 -21"><span class='ocrx_word' id='word_1_89' title='bbox 456 1197 508 1244; x_wconf 93' lang='lat' dir='ltr'><strong>id</strong></span> <span class='ocrx_word' id='word_1_90' title='bbox 532 1199 662 1260; x_wconf 92' lang='lat' dir='ltr'><strong>quod</strong></span> <span class='ocrx_word' id='word_1_91' title='bbox 696 1199 749 1246; x_wconf 92' lang='lat' dir='ltr'><strong>in</strong></span> <span class='ocrx_word' id='word_1_92' title='bbox 781 1200 977 1247; x_wconf 89' lang='lat' dir='ltr'><strong>civitate</strong></span> <span class='ocrx_word' id='word_1_93' title='bbox 1003 1199 1100 1258; x_wconf 76' lang='lat' dir='ltr'><strong>lex,</strong></span> <span class='ocrx_word' id='word_1_94' title='bbox 1126 1200 1176 1246; x_wconf 90' lang='lat' dir='ltr'><strong>in</strong></span> <span class='ocrx_word' id='word_1_95' title='bbox 1216 1201 1418 1247; x_wconf 88' lang='lat' dir='ltr'><strong>ecclesia</strong></span> <span class='ocrx_word' id='word_1_96' title='bbox 1441 1217 1610 1260; x_wconf 83' lang='lat' dir='ltr'><strong>canon,</strong></span> <span class='ocrx_word' id='word_1_97' title='bbox 1635 1209 1685 1249; x_wconf 89' lang='lat' dir='ltr'><strong>et</strong></span> <span class='ocrx_word' id='word_1_98' title='bbox 1708 1202 1841 1265; x_wconf 91' lang='lat' dir='ltr'><strong>quod</strong></span> 
     </span>
    </p>

    <p class='ocr_par' dir='ltr' id='par_1_14' title="bbox 456 1272 1837 1340">
     <span class='ocr_line' id='line_1_14' title="bbox 456 1272 1837 1340; baseline 0.004 -21"><span class='ocrx_word' id='word_1_99' title='bbox 456 1272 507 1320; x_wconf 91' lang='lat' dir='ltr'><strong>in</strong></span> <span class='ocrx_word' id='word_1_100' title='bbox 531 1289 682 1336; x_wconf 82' lang='lat' dir='ltr'><strong>regno</strong></span> <span class='ocrx_word' id='word_1_101' title='bbox 707 1275 963 1336; x_wconf 71' lang='lat' dir='ltr'><strong>majestas,</strong></span> <span class='ocrx_word' id='word_1_102' title='bbox 981 1275 1032 1321; x_wconf 92' lang='lat' dir='ltr'><strong>in</strong></span> <span class='ocrx_word' id='word_1_103' title='bbox 1056 1275 1259 1322; x_wconf 89' lang='lat' dir='ltr'><strong>ecclesia</strong></span> <span class='ocrx_word' id='word_1_104' title='bbox 1281 1276 1528 1323; x_wconf 71' lang='lat' dir='ltr'><strong>sanctitas</strong></span> <span class='ocrx_word' id='word_1_105' title='bbox 1552 1277 1837 1340; x_wconf 86' lang='lat' dir='ltr'><strong>appellatur.</strong></span> 
     </span>
    </p>

    <p class='ocr_par' dir='ltr' id='par_1_15' title="bbox 457 1347 1840 1408">
     <span class='ocr_line' id='line_1_15' title="bbox 457 1347 1840 1408; baseline 0.005 -15"><span class='ocrx_word' id='word_1_106' title='bbox 457 1347 563 1394; x_wconf 93' lang='lat' dir='ltr'><strong>Nec</strong></span> <span class='ocrx_word' id='word_1_107' title='bbox 576 1363 676 1395; x_wconf 91' lang='lat' dir='ltr'><strong>una</strong></span> <span class='ocrx_word' id='word_1_108' title='bbox 698 1348 912 1395; x_wconf 88' lang='lat' dir='ltr'><strong>Deorum</strong></span> <span class='ocrx_word' id='word_1_109' title='bbox 932 1348 1126 1396; x_wconf 89' lang='lat' dir='ltr'><strong>civitate</strong></span> <span class='ocrx_word' id='word_1_110' title='bbox 1152 1351 1384 1408; x_wconf 83' lang='lat' dir='ltr'><strong>contenti,</strong></span> <span class='ocrx_word' id='word_1_111' title='bbox 1405 1351 1548 1398; x_wconf 87' lang='lat' dir='ltr'><strong>aliam</strong></span> <span class='ocrx_word' id='word_1_112' title='bbox 1566 1359 1840 1400; x_wconf 87' lang='lat' dir='ltr'><strong>statuerunt</strong></span> 
     </span>
    </p>

    <p class='ocr_par' dir='ltr' id='par_1_16' title="bbox 456 1422 1836 1488">
     <span class='ocr_line' id='line_1_16' title="bbox 456 1422 1836 1488; baseline 0.005 -20"><span class='ocrx_word' id='word_1_113' title='bbox 456 1422 671 1469; x_wconf 88' lang='lat' dir='ltr'><strong>Deorum</strong></span> <span class='ocrx_word' id='word_1_114' title='bbox 703 1423 1000 1470; x_wconf 91' lang='lat' dir='ltr'><strong>marinorum</strong></span> <span class='ocrx_word' id='word_1_115' title='bbox 1023 1425 1111 1470; x_wconf 90' lang='lat' dir='ltr'><strong>sub</strong></span> <span class='ocrx_word' id='word_1_116' title='bbox 1146 1425 1381 1487; x_wconf 82' lang='lat' dir='ltr'><strong>regimine</strong></span> <span class='ocrx_word' id='word_1_117' title='bbox 1405 1426 1638 1488; x_wconf 89' lang='lat' dir='ltr'><strong>Neptuni,</strong></span> <span class='ocrx_word' id='word_1_118' title='bbox 1663 1435 1713 1474; x_wconf 87' lang='lat' dir='ltr'><strong>et</strong></span> <span class='ocrx_word' id='word_1_119' title='bbox 1735 1435 1836 1475; x_wconf 89' lang='lat' dir='ltr'><strong>ter-</strong></span> 
     </span>
    </p>

    <p class='ocr_par' dir='ltr' id='par_1_17' title="bbox 455 1497 1839 1560">
     <span class='ocr_line' id='line_1_17' title="bbox 455 1497 1839 1560; baseline 0.006 -17"><span class='ocrx_word' id='word_1_120' title='bbox 455 1497 574 1544; x_wconf 86' lang='lat' dir='ltr'><strong>tiam</strong></span> <span class='ocrx_word' id='word_1_121' title='bbox 591 1497 722 1560; x_wconf 89' lang='lat' dir='ltr'><strong>apud</strong></span> <span class='ocrx_word' id='word_1_122' title='bbox 738 1498 920 1546; x_wconf 87' lang='lat' dir='ltr'><strong>inferos</strong></span> <span class='ocrx_word' id='word_1_123' title='bbox 941 1500 1028 1546; x_wconf 90' lang='lat' dir='ltr'><strong>sub</strong></span> <span class='ocrx_word' id='word_1_124' title='bbox 1053 1499 1272 1547; x_wconf 88' lang='lat' dir='ltr'><strong>Plutone.</strong></span> <span class='ocrx_word' id='word_1_125' title='bbox 1341 1501 1594 1560; x_wconf 82' lang='lat' dir='ltr'><strong>Praeterea,</strong></span> <span class='ocrx_word' id='word_1_126' title='bbox 1616 1509 1839 1551; x_wconf 87' lang='lat' dir='ltr'><strong>creatura</strong></span> 
     </span>
    </p>

    <p class='ocr_par' dir='ltr' id='par_1_18' title="bbox 453 1572 1838 1637">
     <span class='ocr_line' id='line_1_18' title="bbox 453 1572 1838 1637; baseline 0.005 -18"><span class='ocrx_word' id='word_1_127' title='bbox 453 1572 556 1620; x_wconf 87' lang='lat' dir='ltr'><strong>fere</strong></span> <span class='ocrx_word' id='word_1_128' title='bbox 579 1573 713 1620; x_wconf 89' lang='lat' dir='ltr'><strong>nulla</strong></span> <span class='ocrx_word' id='word_1_129' title='bbox 747 1581 852 1621; x_wconf 90' lang='lat' dir='ltr'><strong>erat</strong></span> <span class='ocrx_word' id='word_1_130' title='bbox 889 1590 1034 1637; x_wconf 90' lang='lat' dir='ltr'><strong>quam</strong></span> <span class='ocrx_word' id='word_1_131' title='bbox 1056 1590 1157 1621; x_wconf 92' lang='lat' dir='ltr'><strong>non</strong></span> <span class='ocrx_word' id='word_1_132' title='bbox 1180 1575 1471 1623; x_wconf 87' lang='lat' dir='ltr'><strong>invocarunt</strong></span> <span class='ocrx_word' id='word_1_133' title='bbox 1492 1584 1548 1624; x_wconf 90' lang='lat' dir='ltr'><strong>ut</strong></span> <span class='ocrx_word' id='word_1_134' title='bbox 1571 1577 1728 1625; x_wconf 89' lang='lat' dir='ltr'><strong>Deum</strong></span> <span class='ocrx_word' id='word_1_135' title='bbox 1760 1579 1838 1626; x_wconf 90' lang='lat' dir='ltr'><strong>vel</strong></span> 
     </span>
    </p>

    <p class='ocr_par' dir='ltr' id='par_1_19' title="bbox 454 1648 1838 1712">
     <span class='ocr_line' id='line_1_19' title="bbox 454 1648 1838 1712; baseline 0.005 -17"><span class='ocrx_word' id='word_1_136' title='bbox 454 1648 608 1695; x_wconf 86' lang='lat' dir='ltr'><strong>Deam</strong></span> <span class='ocrx_word' id='word_1_137' title='bbox 629 1669 640 1703; x_wconf 92' lang='lat'>;</span> <span class='ocrx_word' id='word_1_138' title='bbox 676 1649 810 1696; x_wconf 90' lang='lat' dir='ltr'><strong>nulla</strong></span> <span class='ocrx_word' id='word_1_139' title='bbox 831 1649 932 1696; x_wconf 87' lang='lat' dir='ltr'><strong>fere</strong></span> <span class='ocrx_word' id='word_1_140' title='bbox 963 1649 1132 1708; x_wconf 87' lang='lat' dir='ltr'><strong>virtus,</strong></span> <span class='ocrx_word' id='word_1_141' title='bbox 1156 1658 1335 1712; x_wconf 84' lang='lat' dir='ltr'><strong>praeter</strong></span> <span class='ocrx_word' id='word_1_142' title='bbox 1358 1651 1574 1699; x_wconf 89' lang='lat' dir='ltr'><strong>laborem</strong></span> <span class='ocrx_word' id='word_1_143' title='bbox 1597 1661 1647 1700; x_wconf 88' lang='lat' dir='ltr'><strong>et</strong></span> <span class='ocrx_word' id='word_1_144' title='bbox 1669 1653 1838 1702; x_wconf 89' lang='lat' dir='ltr'><strong>indus-</strong></span> 
     </span>
    </p>

    <p class='ocr_par' dir='ltr' id='par_1_20' title="bbox 453 1723 1836 1792">
     <span class='ocr_line' id='line_1_20' title="bbox 453 1723 1836 1792; baseline 0.004 -22"><span class='ocrx_word' id='word_1_145' title='bbox 453 1723 599 1771; x_wconf 88' lang='lat' dir='ltr'><strong>triam</strong></span> <span class='ocrx_word' id='word_1_146' title='bbox 621 1724 823 1771; x_wconf 91' lang='lat' dir='ltr'><strong>numina</strong></span> <span class='ocrx_word' id='word_1_147' title='bbox 844 1740 932 1787; x_wconf 88' lang='lat' dir='ltr'><strong>per</strong></span> <span class='ocrx_word' id='word_1_148' title='bbox 970 1740 1020 1772; x_wconf 91' lang='lat' dir='ltr'><strong>se</strong></span> <span class='ocrx_word' id='word_1_149' title='bbox 1049 1725 1273 1787; x_wconf 88' lang='lat' dir='ltr'><strong>propitia,</strong></span> <span class='ocrx_word' id='word_1_150' title='bbox 1299 1726 1401 1773; x_wconf 89' lang='lat' dir='ltr'><strong>sine</strong></span> <span class='ocrx_word' id='word_1_151' title='bbox 1432 1742 1516 1774; x_wconf 90' lang='lat' dir='ltr'><strong>ara</strong></span> <span class='ocrx_word' id='word_1_152' title='bbox 1550 1735 1633 1775; x_wconf 89' lang='lat' dir='ltr'><strong>aut</strong></span> <span class='ocrx_word' id='word_1_153' title='bbox 1655 1729 1836 1792; x_wconf 90' lang='lat' dir='ltr'><strong>templo</strong></span> 
     </span>
    </p>

    <p class='ocr_par' dir='ltr' id='par_1_21' title="bbox 455 1799 1837 1863">
     <span class='ocr_line' id='line_1_21' title="bbox 455 1799 1837 1863; baseline 0.004 -18"><span class='ocrx_word' id='word_1_154' title='bbox 455 1805 574 1846; x_wconf 86' lang='lat' dir='ltr'><strong>erat.</strong></span> <span class='ocrx_word' id='word_1_155' title='bbox 646 1799 894 1862; x_wconf 73' lang='lat' dir='ltr'><strong>Quicquid</strong></span> <span class='ocrx_word' id='word_1_156' title='bbox 928 1799 1138 1863; x_wconf 89' lang='lat' dir='ltr'><strong>denique</strong></span> <span class='ocrx_word' id='word_1_157' title='bbox 1161 1801 1473 1860; x_wconf 87' lang='lat' dir='ltr'><strong>nominabile,</strong></span> <span class='ocrx_word' id='word_1_158' title='bbox 1497 1802 1628 1850; x_wconf 92' lang='lat' dir='ltr'><strong>idem</strong></span> <span class='ocrx_word' id='word_1_159' title='bbox 1663 1810 1712 1851; x_wconf 92' lang='lat' dir='ltr'><strong>et</strong></span> <span class='ocrx_word' id='word_1_160' title='bbox 1735 1803 1837 1851; x_wconf 91' lang='lat' dir='ltr'><strong>dei-</strong></span> 
     </span>
    </p>

    <p class='ocr_par' dir='ltr' id='par_1_22' title="bbox 452 1873 1837 1938">
     <span class='ocr_line' id='line_1_22' title="bbox 452 1873 1837 1938; baseline 0.005 -18"><span class='ocrx_word' id='word_1_161' title='bbox 452 1873 643 1921; x_wconf 87' lang='lat' dir='ltr'><strong>ficabile</strong></span> <span class='ocrx_word' id='word_1_162' title='bbox 666 1882 786 1922; x_wconf 87' lang='lat' dir='ltr'><strong>erat.</strong></span> <span class='ocrx_word' id='word_1_163' title='bbox 856 1875 1003 1923; x_wconf 75' lang='lat' dir='ltr'><strong>Quod</strong></span> <span class='ocrx_word' id='word_1_164' title='bbox 1028 1891 1172 1938; x_wconf 87' lang='lat' dir='ltr'><strong>quam</strong></span> <span class='ocrx_word' id='word_1_165' title='bbox 1207 1876 1384 1923; x_wconf 89' lang='lat' dir='ltr'><strong>rationi</strong></span> <span class='ocrx_word' id='word_1_166' title='bbox 1419 1878 1630 1925; x_wconf 90' lang='lat' dir='ltr'><strong>naturali</strong></span> <span class='ocrx_word' id='word_1_167' title='bbox 1668 1878 1837 1927; x_wconf 91' lang='lat' dir='ltr'><strong>incon-</strong></span> 
     </span>
    </p>

    <p class='ocr_par' dir='ltr' id='par_1_23' title="bbox 452 1949 1837 2016">
     <span class='ocr_line' id='line_1_23' title="bbox 452 1949 1837 2016; baseline 0.005 -22"><span class='ocrx_word' id='word_1_168' title='bbox 452 1963 628 2009; x_wconf 86' lang='lat' dir='ltr'><strong>gruum</strong></span> <span class='ocrx_word' id='word_1_169' title='bbox 653 1949 731 2007; x_wconf 83' lang='lat' dir='ltr'><strong>sit,</strong></span> <span class='ocrx_word' id='word_1_170' title='bbox 755 1965 899 1996; x_wconf 90' lang='lat' dir='ltr'><strong>nemo</strong></span> <span class='ocrx_word' id='word_1_171' title='bbox 932 1956 1005 1996; x_wconf 88' lang='lat' dir='ltr'><strong>est</strong></span> <span class='ocrx_word' id='word_1_172' title='bbox 1038 1949 1120 2012; x_wconf 90' lang='lat' dir='ltr'><strong>qui</strong></span> <span class='ocrx_word' id='word_1_173' title='bbox 1157 1966 1257 1997; x_wconf 91' lang='lat' dir='ltr'><strong>non</strong></span> <span class='ocrx_word' id='word_1_174' title='bbox 1281 1951 1523 2014; x_wconf 87' lang='lat' dir='ltr'><strong>intelligit.</strong></span> <span class='ocrx_word' id='word_1_175' title='bbox 1595 1953 1837 2016; x_wconf 81' lang='lat' dir='ltr'><strong>Supersti-</strong></span> 
     </span>
    </p>

    <p class='ocr_par' dir='ltr' id='par_1_24' title="bbox 452 2021 1833 2166">
     <span class='ocr_line' id='line_1_24' title="bbox 452 2021 1833 2092; baseline 0.006 -23"><span class='ocrx_word' id='word_1_176' title='bbox 452 2021 636 2070; x_wconf 90' lang='lat' dir='ltr'><strong>tionem</strong></span> <span class='ocrx_word' id='word_1_177' title='bbox 660 2031 825 2071; x_wconf 89' lang='lat' dir='ltr'><strong>autem</strong></span> <span class='ocrx_word' id='word_1_178' title='bbox 848 2024 973 2072; x_wconf 91' lang='lat' dir='ltr'><strong>hanc</strong></span> <span class='ocrx_word' id='word_1_179' title='bbox 996 2025 1157 2072; x_wconf 86' lang='lat' dir='ltr'><strong>facere</strong></span> <span class='ocrx_word' id='word_1_180' title='bbox 1175 2026 1336 2088; x_wconf 91' lang='lat' dir='ltr'><strong>potuit</strong></span> <span class='ocrx_word' id='word_1_181' title='bbox 1358 2027 1437 2074; x_wconf 88' lang='lat' dir='ltr'><strong>lex</strong></span> <span class='ocrx_word' id='word_1_182' title='bbox 1460 2027 1556 2075; x_wconf 91' lang='lat' dir='ltr'><strong>loci</strong></span> <span class='ocrx_word' id='word_1_183' title='bbox 1578 2035 1633 2076; x_wconf 88' lang='lat' dir='ltr'><strong>ut</strong></span> <span class='ocrx_word' id='word_1_184' title='bbox 1663 2029 1833 2092; x_wconf 80' lang='lat' dir='ltr'><strong>religio</strong></span> 
     </span>
     <span class='ocr_line' id='line_1_25' title="bbox 452 2097 1798 2166; baseline 0.006 -22"><span class='ocrx_word' id='word_1_185' title='bbox 452 2097 792 2160; x_wconf 89' lang='lat' dir='ltr'><strong>appellaretur,</strong></span> <span class='ocrx_word' id='word_1_186' title='bbox 818 2106 867 2146; x_wconf 89' lang='lat' dir='ltr'><strong>et</strong></span> <span class='ocrx_word' id='word_1_187' title='bbox 891 2100 1048 2148; x_wconf 90' lang='lat' dir='ltr'><strong>cultus</strong></span> <span class='ocrx_word' id='word_1_188' title='bbox 1079 2117 1246 2148; x_wconf 89' lang='lat' dir='ltr'><strong>omnes</strong></span> <span class='ocrx_word' id='word_1_189' title='bbox 1278 2102 1397 2150; x_wconf 91' lang='lat' dir='ltr'><strong>alios</strong></span> <span class='ocrx_word' id='word_1_190' title='bbox 1420 2104 1798 2166; x_wconf 85' lang='lat' dir='ltr'><strong>superstitiones.</strong></span> 
     </span>
    </p>

    <p class='ocr_par' dir='ltr' id='par_1_25' title="bbox 171 2170 1832 2251">
     <span class='ocr_line' id='line_1_26' title="bbox 171 2170 1832 2251; baseline 0.005 -32"><span class='ocrx_word' id='word_1_191' title='bbox 171 2170 396 2251; x_wconf 53' lang='lat' dir='ltr'><strong>fflsnffltffls</strong></span> <span class='ocrx_word' id='word_1_192' title='bbox 525 2179 599 2221; x_wconf 89' lang='grc'><strong>12.</strong></span> <span class='ocrx_word' id='word_1_193' title='bbox 635 2175 783 2234; x_wconf 90' lang='lat' dir='ltr'><strong>Finis,</strong></span> <span class='ocrx_word' id='word_1_194' title='bbox 821 2191 964 2238; x_wconf 90' lang='lat' dir='ltr'><strong>quem</strong></span> <span class='ocrx_word' id='word_1_195' title='bbox 1006 2177 1156 2223; x_wconf 92' lang='lat' dir='ltr'><strong>cultui</strong></span> <span class='ocrx_word' id='word_1_196' title='bbox 1204 2177 1367 2225; x_wconf 87' lang='lat' dir='ltr'><strong>divino</strong></span> <span class='ocrx_word' id='word_1_197' title='bbox 1409 2178 1626 2227; x_wconf 89' lang='lat' dir='ltr'><strong>civitates</strong></span> <span class='ocrx_word' id='word_1_198' title='bbox 1666 2195 1832 2227; x_wconf 90' lang='lat' dir='ltr'><strong>omnes</strong></span> 
     </span>
    </p>

    <p class='ocr_par' dir='ltr' id='par_1_26' title="bbox 168 2249 1833 2317">
     <span class='ocr_line' id='line_1_27' title="bbox 168 2249 1833 2317; baseline 0.005 -23"><span class='ocrx_word' id='word_1_199' title='bbox 168 2257 225 2284; x_wconf 75' lang='lat' dir='ltr'><strong>bus</strong></span> <span class='ocrx_word' id='word_1_200' title='bbox 234 2257 324 2285; x_wconf 80' lang='lat' dir='ltr'><strong>futuri</strong></span> <span class='ocrx_word' id='word_1_201' title='bbox 334 2257 436 2285; x_wconf 69' lang='lat' dir='ltr'><strong>anxiis·</strong></span> <span class='ocrx_word' id='word_1_202' title='bbox 451 2249 779 2310; x_wconf 80' lang='lat' dir='ltr'><strong>praetendunt,</strong></span> <span class='ocrx_word' id='word_1_203' title='bbox 803 2250 844 2297; x_wconf 87' lang='lat' dir='ltr'><strong>is</strong></span> <span class='ocrx_word' id='word_1_204' title='bbox 868 2259 957 2309; x_wconf 88' lang='lat' dir='ltr'><strong>est,</strong></span> <span class='ocrx_word' id='word_1_205' title='bbox 981 2257 1038 2298; x_wconf 90' lang='lat' dir='ltr'><strong>ut</strong></span> <span class='ocrx_word' id='word_1_206' title='bbox 1061 2267 1227 2299; x_wconf 89' lang='lat' dir='ltr'><strong>earum</strong></span> <span class='ocrx_word' id='word_1_207' title='bbox 1251 2252 1381 2300; x_wconf 88' lang='lat' dir='ltr'><strong>Deus</strong></span> <span class='ocrx_word' id='word_1_208' title='bbox 1400 2253 1477 2301; x_wconf 92' lang='lat' dir='ltr'><strong>vel</strong></span> <span class='ocrx_word' id='word_1_209' title='bbox 1508 2253 1589 2301; x_wconf 92' lang='lat' dir='ltr'><strong>Dii</strong></span> <span class='ocrx_word' id='word_1_210' title='bbox 1611 2260 1716 2301; x_wconf 91' lang='lat' dir='ltr'><strong>tum</strong></span> <span class='ocrx_word' id='word_1_211' title='bbox 1739 2255 1833 2317; x_wconf 87' lang='lat' dir='ltr'><strong>ipsi</strong></span> 
     </span>
    </p>

    <p class='ocr_par' dir='ltr' id='par_1_27' title="bbox 453 2323 1830 2391">
     <span class='ocr_line' id='line_1_28' title="bbox 453 2323 1830 2391; baseline 0.005 -21"><span class='ocrx_word' id='word_1_212' title='bbox 453 2323 655 2382; x_wconf 84' lang='lat' dir='ltr'><strong>civitati,</strong></span> <span class='ocrx_word' id='word_1_213' title='bbox 692 2335 797 2371; x_wconf 85' lang='lat' dir='ltr'><strong>tum</strong></span> <span class='ocrx_word' id='word_1_214' title='bbox 837 2326 983 2372; x_wconf 89' lang='lat' dir='ltr'><strong>etiam</strong></span> <span class='ocrx_word' id='word_1_215' title='bbox 1024 2325 1226 2388; x_wconf 84' lang='lat' dir='ltr'><strong>singulis</strong></span> <span class='ocrx_word' id='word_1_216' title='bbox 1258 2327 1443 2375; x_wconf 87' lang='lat' dir='ltr'><strong>civibus</strong></span> <span class='ocrx_word' id='word_1_217' title='bbox 1481 2329 1678 2391; x_wconf 89' lang='lat' dir='ltr'><strong>propitii</strong></span> <span class='ocrx_word' id='word_1_218' title='bbox 1717 2329 1830 2378; x_wconf 88' lang='lat' dir='ltr'><strong>sint.</strong></span> 
     </span>
    </p>

    <p class='ocr_par' dir='ltr' id='par_1_28' title="bbox 452 2399 1831 2466">
     <span class='ocr_line' id='line_1_29' title="bbox 452 2399 1831 2466; baseline 0.004 -21"><span class='ocrx_word' id='word_1_219' title='bbox 452 2399 785 2447; x_wconf 89' lang='lat' dir='ltr'><strong>Veruntamen</strong></span> <span class='ocrx_word' id='word_1_220' title='bbox 807 2400 1051 2463; x_wconf 88' lang='lat' dir='ltr'><strong>plerisque</strong></span> <span class='ocrx_word' id='word_1_221' title='bbox 1072 2400 1235 2449; x_wconf 85' lang='lat' dir='ltr'><strong>divina</strong></span> <span class='ocrx_word' id='word_1_222' title='bbox 1249 2402 1407 2466; x_wconf 87' lang='lat' dir='ltr'><strong>gratia</strong></span> <span class='ocrx_word' id='word_1_223' title='bbox 1426 2403 1709 2466; x_wconf 89' lang='lat' dir='ltr'><strong>simpliciter</strong></span> <span class='ocrx_word' id='word_1_224' title='bbox 1730 2420 1831 2452; x_wconf 89' lang='lat' dir='ltr'><strong>non</strong></span> 
     </span>
    </p>

    <p class='ocr_par' dir='ltr' id='par_1_29' title="bbox 452 2474 1830 2543">
     <span class='ocr_line' id='line_1_30' title="bbox 452 2474 1830 2543; baseline 0.004 -22"><span class='ocrx_word' id='word_1_225' title='bbox 452 2474 642 2521; x_wconf 89' lang='lat' dir='ltr'><strong>sufficit.</strong></span> <span class='ocrx_word' id='word_1_226' title='bbox 713 2474 943 2538; x_wconf 85' lang='lat' dir='ltr'><strong>Cogitant</strong></span> <span class='ocrx_word' id='word_1_227' title='bbox 975 2475 1120 2531; x_wconf 87' lang='lat' dir='ltr'><strong>enim,</strong></span> <span class='ocrx_word' id='word_1_228' title='bbox 1153 2475 1294 2524; x_wconf 75' lang='lat' dir='ltr'><strong>Deus</strong></span> <span class='ocrx_word' id='word_1_229' title='bbox 1318 2477 1436 2525; x_wconf 77' lang='lat' dir='ltr'><strong>mihi</strong></span> <span class='ocrx_word' id='word_1_230' title='bbox 1475 2478 1687 2526; x_wconf 73' lang='lat' dir='ltr'><strong>daturus</strong></span> <span class='ocrx_word' id='word_1_231' title='bbox 1720 2480 1830 2543; x_wconf 82' lang='lat' dir='ltr'><strong>qui-</strong></span> 
     </span>
    </p>

    <p class='ocr_par' dir='ltr' id='par_1_30' title="bbox 453 2549 1829 2619">
     <span class='ocr_line' id='line_1_31' title="bbox 453 2549 1829 2619; baseline 0.004 -23"><span class='ocrx_word' id='word_1_232' title='bbox 453 2550 561 2596; x_wconf 81' lang='lat' dir='ltr'><strong>dem</strong></span> <span class='ocrx_word' id='word_1_233' title='bbox 586 2549 716 2597; x_wconf 76' lang='lat' dir='ltr'><strong>dona</strong></span> <span class='ocrx_word' id='word_1_234' title='bbox 750 2557 842 2609; x_wconf 76' lang='lat' dir='ltr'><strong>est,</strong></span> <span class='ocrx_word' id='word_1_235' title='bbox 872 2551 967 2598; x_wconf 75' lang='lat' dir='ltr'><strong>sed</strong></span> <span class='ocrx_word' id='word_1_236' title='bbox 1002 2551 1109 2599; x_wconf 80' lang='lat' dir='ltr'><strong>alia-</strong></span> <span class='ocrx_word' id='word_1_237' title='bbox 1130 2551 1371 2615; x_wconf 76' lang='lat' dir='ltr'><strong>fortasse</strong></span> <span class='ocrx_word' id='word_1_238' title='bbox 1410 2569 1556 2616; x_wconf 81' lang='lat' dir='ltr'><strong>quam</strong></span> <span class='ocrx_word' id='word_1_239' title='bbox 1589 2570 1699 2616; x_wconf 78' lang='lat' dir='ltr'><strong>quoe</strong></span> <span class='ocrx_word' id='word_1_240' title='bbox 1734 2571 1829 2619; x_wconf 84' lang='lat' dir='ltr'><strong>ego</strong></span> 
     </span>
    </p>

    <p class='ocr_par' dir='ltr' id='par_1_31' title="bbox 450 2624 1827 2692">
     <span class='ocr_line' id='line_1_32' title="bbox 450 2624 1827 2692; baseline 0.004 -21"><span class='ocrx_word' id='word_1_241' title='bbox 450 2624 557 2671; x_wconf 81' lang='lat' dir='ltr'><strong>volo</strong></span> <span class='ocrx_word' id='word_1_242' title='bbox 573 2643 592 2679; x_wconf 91' lang='lat'><strong>,·</strong></span> <span class='ocrx_word' id='word_1_243' title='bbox 627 2632 820 2673; x_wconf 80' lang='lat' dir='ltr'><strong>avertet</strong></span> <span class='ocrx_word' id='word_1_244' title='bbox 866 2625 1015 2684; x_wconf 82' lang='lat' dir='ltr'><strong>mala,</strong></span> <span class='ocrx_word' id='word_1_245' title='bbox 1051 2627 1147 2674; x_wconf 71' lang='lat' dir='ltr'><strong>sed</strong></span> <span class='ocrx_word' id='word_1_246' title='bbox 1168 2643 1271 2691; x_wconf 80' lang='lat' dir='ltr'><strong>per</strong></span> <span class='ocrx_word' id='word_1_247' title='bbox 1301 2628 1626 2692; x_wconf 78' lang='lat' dir='ltr'><strong>prudentiam</strong></span> <span class='ocrx_word' id='word_1_248' title='bbox 1658 2645 1827 2679; x_wconf 85' lang='lat' dir='ltr'><strong>meam.</strong></span> 
     </span>
    </p>

    <p class='ocr_par' dir='ltr' id='par_1_32' title="bbox 460 2698 1830 2766">
     <span class='ocr_line' id='line_1_33' title="bbox 460 2698 1830 2766; baseline 0.004 -21"><span class='ocrx_word' id='word_1_249' title='bbox 460 2698 657 2747; x_wconf 77' lang='lat' dir='ltr'><strong>Utinam</strong></span> <span class='ocrx_word' id='word_1_250' title='bbox 681 2717 804 2765; x_wconf 78' lang='lat' dir='ltr'><strong>ergo</strong></span> <span class='ocrx_word' id='word_1_251' title='bbox 828 2701 1007 2749; x_wconf 73' lang='lat' dir='ltr'><strong>Scirem</strong></span> <span class='ocrx_word' id='word_1_252' title='bbox 1026 2719 1136 2765; x_wconf 81' lang='lat' dir='ltr'><strong>quoe</strong></span> <span class='ocrx_word' id='word_1_253' title='bbox 1162 2702 1286 2750; x_wconf 82' lang='lat' dir='ltr'><strong>bona</strong></span> <span class='ocrx_word' id='word_1_254' title='bbox 1305 2703 1398 2750; x_wconf 77' lang='lat' dir='ltr'><strong>illa</strong></span> <span class='ocrx_word' id='word_1_255' title='bbox 1417 2709 1544 2762; x_wconf 76' lang='lat' dir='ltr'><strong>sunt,</strong></span> <span class='ocrx_word' id='word_1_256' title='bbox 1569 2719 1679 2766; x_wconf 78' lang='lat' dir='ltr'><strong>quce</strong></span> <span class='ocrx_word' id='word_1_257' title='bbox 1703 2704 1830 2752; x_wconf 83' lang='lat' dir='ltr'><strong>dare</strong></span> 
     </span>
    </p>
   </div>
   <div class='ocr_carea' id='block_1_3' title="bbox 393 2775 1829 2843">
    <p class='ocr_par' dir='ltr' id='par_1_33' title="bbox 393 2775 1829 2843">
     <span class='ocr_line' id='line_1_34' title="bbox 393 2775 1829 2843; baseline 0.003 -20"><span class='ocrx_word' id='word_1_258' title='bbox 393 2820 394 2823; x_wconf 75' lang='grc'>,</span> <span class='ocrx_word' id='word_1_259' title='bbox 451 2775 570 2823; x_wconf 75' lang='lat' dir='ltr'><strong>mihi</strong></span> <span class='ocrx_word' id='word_1_260' title='bbox 597 2784 776 2840; x_wconf 78' lang='lat' dir='ltr'><strong>parat,</strong></span> <span class='ocrx_word' id='word_1_261' title='bbox 802 2785 851 2826; x_wconf 79' lang='lat' dir='ltr'><strong>et</strong></span> <span class='ocrx_word' id='word_1_262' title='bbox 874 2795 984 2842; x_wconf 79' lang='lat' dir='ltr'><strong>quoe</strong></span> <span class='ocrx_word' id='word_1_263' title='bbox 1007 2785 1120 2826; x_wconf 74' lang='lat' dir='ltr'><strong>sunt</strong></span> <span class='ocrx_word' id='word_1_264' title='bbox 1150 2778 1298 2837; x_wconf 82' lang='lat' dir='ltr'><strong>mala,</strong></span> <span class='ocrx_word' id='word_1_265' title='bbox 1322 2795 1432 2842; x_wconf 79' lang='lat' dir='ltr'><strong>quoe</strong></span> <span class='ocrx_word' id='word_1_266' title='bbox 1463 2778 1537 2826; x_wconf 78' lang='lat' dir='ltr'><strong>ita</strong></span> <span class='ocrx_word' id='word_1_267' title='bbox 1552 2794 1722 2843; x_wconf 78' lang='lat' dir='ltr'><strong>prope</strong></span> <span class='ocrx_word' id='word_1_268' title='bbox 1755 2797 1829 2827; x_wconf 84' lang='lat' dir='ltr'><strong>me</strong></span> 
     </span>
    </p>
   </div>
  </div>
 </body>
</html>
