1994 3276
391 245 462 279 DE
490 246 678 281 REGNO
706 246 802 280 DEI
828 244 935 279 PER
962 245 1186 281 PACTUM
1214 246 1433 282 NOVUM.
1510 237 1607 282 413

221 358 374 406 scuris
392 358 659 422 Scripturae
682 359 802 408 locis
824 358 1010 423 aliquid
1033 360 1182 407 statui
1204 376 1345 423 posse
1365 360 1606 424 judicant,
1647 380 1776 413 snc'r.
1797 381 1866 413 111.

221 434 492 483 tollendum
523 435 750 499 Judicant
773 443 823 484 et
857 435 1093 483 sermonis
1116 450 1275 493 usum,
1310 444 1359 483 et
1383 452 1483 484 una
1505 453 1609 484 om-
1662 477 1671 487 .
1736 433 1784 462 ¹⁷·
1845 478 1853 488 ,

222 525 336 558 nem
364 510 651 559 societatem
682 511 974 567 humanam3
1017 510 1148 558 dicet
1171 510 1302 558 enim
1334 511 1418 573 qui
1439 511 1609 559 vendi-
1630 525 1846 575 ‹gh-rismum·

222 584 351 634 derit
395 592 556 634 totum
596 603 785 650 agrum,
824 602 927 635 esse
975 593 1135 634 totum
1171 601 1271 633 uno
1316 585 1515 649 cespite,
1561 595 1611 634 et
1627 569 1879 649 fflssoeissffigss'g

220 661 465 726 reliquum
505 668 741 726 tanquam
780 678 880 711 non
921 661 1174 710 venditum
1214 661 1476 709 retinebit:
1512 661 1610 709 imo
1627 656 1883 736 {ffissssessficffi-

220 737 378 801 ipsam
411 737 542 786 tollit
578 738 834 798 rationem,
869 754 976 802 quae
1012 737 1135 785 nihil
1169 736 1303 785 aliud
1337 742 1409 784 est
1432 744 1611 800 praeter
1629 743 1743 770 &5⁰0⁸-

220 813 440 861 veritatis
474 829 563 877 per
586 814 735 862 talem
771 829 1063 862 consensum
1100 812 1246 861 factae
1284 812 1610 876 investigatio.

223 888 519 952 Hujusmodi
553 890 720 954 itaque
746 890 1040 954 quaestiones
1074 905 1174 937 non
1212 904 1413 937 necesse
1448 895 1523 936 est
1556 895 1614 936 ut

222 964 514 1013 determinet
537 966 707 1014 civitas
730 982 819 1029 per
854 965 1310 1029 interpretationem
1346 964 1613 1027 Scripturae

224 1039 403 1089 Sacrae.
473 1041 587 1089 Non
624 1041 755 1089 enim
790 1041 1040 1104 pertinent
1081 1040 1145 1088 ad
1180 1039 1375 1089 verbum
1409 1039 1523 1098 Dei,
1555 1056 1612 1088 eo

223 1130 369 1164 sensu
392 1132 490 1180 quo
527 1116 735 1164 sumitur
757 1117 962 1164 verbum
987 1116 1078 1164 Dei
1111 1132 1201 1180 pro
1235 1115 1379 1164 verbo
1403 1115 1465 1163 de
1487 1116 1613 1173 Deo,

222 1191 275 1239 id
297 1198 388 1251 est,
414 1191 643 1240 doctrina
666 1192 982 1258 Evangeliea
997 1211 1016 1248 ,·
1051 1209 1211 1256 neque
1235 1193 1496 1256 obligatur,
1530 1192 1614 1256 qui

221 1266 371 1315 habet
393 1266 614 1315 eeclesiae
637 1267 906 1332 imperium,
933 1268 996 1316 ad
1020 1268 1300 1332 hujusmodi
1318 1268 1505 1332 judicia
1527 1268 1614 1316 ad-

221 1341 390 1390 hibere
424 1341 651 1390 doctores
688 1342 1070 1391 ecclesiasticos.
1142 1343 1505 1392 Quaestionibus
1528 1360 1615 1391 au-

221 1423 324 1466 tem
356 1417 488 1477 fidei,
521 1418 574 1466 id
606 1426 696 1478 est,
721 1418 782 1467 de
814 1419 938 1478 Dec,
964 1435 1073 1483 quae
1111 1427 1310 1483 captum
1345 1420 1615 1467 humanum

222 1501 472 1558 superant,
498 1493 796 1551 decidendis,
829 1510 950 1558 opus
974 1502 1048 1543 est
1081 1495 1424 1544 benedictione
1450 1495 1615 1544 divina

227 1570 311 1633 (ne
332 1570 574 1634 possimus
596 1570 715 1629 falli,
740 1571 913 1618 saltem
935 1571 987 1619 in
1018 1571 1324 1634 necessariis)
1351 1588 1439 1635 per
1462 1571 1614 1636 impo-

223 1646 449 1694 sitionem
465 1661 686 1693 manuum
699 1646 760 1693 ab
778 1646 884 1709 ipso
905 1646 1150 1695 Cmuswo
1169 1647 1449 1696 derivanda.
1486 1647 1616 1696 Nam

225 1738 339 1772 cum
357 1721 421 1770 ad
444 1721 651 1769 salutem
675 1728 911 1770 aeternam
946 1722 1218 1786 obligemur
1242 1723 1306 1771 ad
1342 1723 1616 1771 doctrinam

226 1797 660 1862 supernaturalem,
687 1804 736 1846 et
774 1814 920 1861 quam
943 1806 1204 1863 propterea
1244 1799 1519 1864 intelligere
1543 1807 1618 1849 est

226 1873 540 1938 impossibile,
578 1873 647 1922 ita
682 1874 898 1931 destitui,
934 1881 990 1922 ut
1026 1874 1130 1923 falli
1167 1876 1406 1939 possimus
1445 1876 1497 1924 in
1531 1893 1616 1925 ne-

227 1949 467 2008 cessariis,
491 1956 735 2013 repugnat
758 1950 997 2014 aequitati.
1041 1951 1468 2016 Iiffallibilitatem
1490 1953 1618 2002 hanc

225 2025 450 2090 promisit
474 2026 705 2074 Servator
727 2034 908 2085 noster,
934 2027 986 2074 in
1020 2027 1077 2076 iis
1101 2029 1245 2076 rebus
1270 2045 1381 2093 quae
1403 2029 1468 2077 ad
1491 2028 1618 2077 salu—

226 2108 330 2149 tem
375 2109 491 2150 sunt
534 2103 838 2159 necessariae,
887 2104 1131 2167 apostolis
1176 2121 1332 2169 usque
1378 2105 1441 2154 ad
1488 2105 1618 2153 diem

222 2176 412 2241 judicii,
430 2178 526 2226 hoc
549 2185 639 2237 est,
659 2178 904 2242 apostolis
930 2186 979 2227 et
991 2180 1290 2244 pastoribus
1305 2182 1365 2229 ab
1384 2182 1618 2246 apostolis

227 2253 500 2302 successive
521 2270 612 2317 per
629 2254 986 2318 impositionem
1008 2272 1231 2304 manuum
1258 2258 1617 2307 consecrandis.

226 2328 490 2393 Obligatur
512 2346 646 2394 ergo,
666 2338 908 2394 quatenus
934 2330 1255 2392 Christianus,
1280 2333 1338 2392 is,
1365 2333 1448 2396 qui
1470 2334 1621 2382 habet

227 2405 442 2454 civitatis
469 2405 744 2470 imperium,
772 2406 1052 2470 Scripturas
1089 2408 1279 2468 Sacras,
1303 2409 1391 2456 ubi
1414 2410 1620 2473 quaestio

228 2488 302 2530 est
325 2481 386 2530 de
409 2481 660 2546 mysteriis
685 2481 836 2545 fidei,
859 2498 947 2546 per
970 2483 1336 2532 ecclesiasticos
1370 2485 1465 2533 rite
1490 2485 1622 2533 ordi-

227 2564 368 2606 natos
392 2557 720 2621 interpretari.
778 2558 842 2606 Et
862 2558 931 2606 sic
951 2558 1002 2606 in
1028 2559 1308 2607 civitatibus
1330 2559 1621 2609 Christianis

222 2633 464 2697 judicium
482 2640 532 2681 et
550 2633 885 2698 spiritualium
900 2642 950 2682 et
966 2634 1307 2699 temporalium
1328 2636 1544 2699 pertinet
1558 2636 1622 2684 ad

229 2709 575 2758 auctoritatem
599 2710 805 2758 civilem.
875 2711 939 2758 Et
974 2710 1016 2758 is
1051 2710 1200 2759 homo
1225 2711 1302 2759 vel
1343 2721 1513 2772 coetus,
1539 2712 1622 2776 qui

230 2799 473 2833 summum
499 2785 648 2833 habet
670 2785 943 2849 imperium,
970 2793 1118 2850 caput
1141 2794 1217 2834 est
1252 2794 1302 2834 et
1321 2787 1540 2835 civitatis
1570 2795 1622 2835 et

229 2859 450 2908 eeclesia>
464 2880 482 2909 .·
523 2876 621 2909 una
668 2861 798 2910 enim
844 2876 922 2909 res
969 2868 1043 2910 est
1087 2861 1299 2911 ecelesia
1346 2870 1395 2911 et
1443 2863 1620 2912 civitas

234 2933 541 2984 Christiana.
