2020 3262
0 1088 16 1107 ²?
0 694 31 1074 “Q'WBY-’Vffv'f‘
0 656 2 661 ⁷
0 626 6 636 ''

501 247 571 279 DE
600 245 856 279 1NGEN11s
885 246 952 278 ET
977 246 1248 279 Momssus.
1471 237 1561 280 113

173 361 347 424 Itaque
370 358 502 423 apud
525 373 692 406 omnes
715 365 886 420 gentes
909 356 1081 419 religio
1105 363 1155 404 et
1172 355 1412 414 doctrina,
1439 372 1559 419 quas
1605 380 1739 414 SEC'I'.
1762 381 1812 413 11.

172 435 353 500 quique
387 451 417 482 a
437 434 606 498 primis
641 432 779 481 annis
812 431 1104 490 didicerunt,
1144 431 1214 479 ita
1248 447 1329 479 eas
1366 440 1560 480 servant
1685 433 1733 463 13·

170 518 425 576 perpetuo,
445 517 501 558 ut
525 509 867 558 dissentientes
892 507 1086 556 oderint
1111 514 1161 555 et
1193 507 1525 555 convitientur
1546 529 1557 561 ς

169 595 229 636 ut
251 586 563 635 manifestum
593 593 666 633 est
689 601 748 632 ex
771 584 908 632 libris
931 583 1179 647 praecipue
1203 583 1559 646 theologorum,

172 679 294 728 quos
340 662 392 711 id
438 661 636 710 minime
683 660 902 708 omnium
943 659 1098 718 decet,
1148 659 1561 707 atrocissimorum

171 738 498 788 convitiorum
532 736 704 801 plenis.
759 736 983 785 Quorum
1019 735 1273 782 hominum
1311 735 1561 798 ingenium

170 814 281 879 paci
305 821 355 862 et
379 813 603 862 societati
626 820 796 877 aptum
820 829 919 860 non
944 820 1032 860 est.

239 888 602 938 Consuetudine
636 889 755 937 item
778 890 850 947 fit,
883 896 939 936 ut
963 889 1046 952 qui
1085 889 1137 936 in
1177 888 1407 951 periculis
1433 904 1560 951 saepe

172 973 223 1015 et
246 966 332 1014 diu
353 966 533 1014 versati
568 966 682 1025 sint,
708 966 960 1029 ingenium
991 965 1205 1012 habeant
1240 964 1400 1012 minus
1425 965 1563 1012 meti-

171 1042 419 1097 culosum;
457 1050 508 1090 et
529 1042 612 1105 qui
630 1042 680 1089 in
697 1042 964 1090 honoribus
983 1058 1012 1089 a
1034 1049 1254 1105 tempore
1279 1041 1562 1105 longissimo

169 1117 349 1167 versati
389 1118 502 1176 sint,
544 1117 742 1181 ingenio
781 1118 878 1165 sint
916 1117 1076 1165 minus
1108 1117 1364 1176 insolente,
1389 1125 1446 1165 ut
1479 1118 1563 1181 qui

172 1194 421 1243 desierunt
439 1195 543 1257 jam
571 1210 676 1242 sese
700 1194 947 1242 admirari.

238 1280 285 1319 4.
322 1270 399 1318 Ab
425 1270 727 1334 experientia
757 1286 921 1318 rerum
954 1278 1280 1318 externarum.
1354 1269 1485 1317 Hinc
1509 1270 1564 1317 fit
1582 1277 1629 1305 Ab
1641 1277 1832 1315 experientia·

171 1354 229 1394 ut
250 1346 501 1410 ingenium
537 1346 772 1394 reddatur
808 1353 1021 1393 cautum.
1095 1346 1298 1404 Contra,
1325 1346 1407 1409 qui
1442 1361 1563 1409 pau-

171 1438 341 1471 carum
381 1438 546 1470 rerum
591 1422 775 1470 habent
817 1421 1183 1485 experientiam,
1219 1422 1416 1485 ingenio
1452 1429 1565 1469 sunt

170 1499 459 1564 plerumque
497 1498 770 1546 temerario.
842 1498 970 1545 Nam
1008 1497 1197 1545 animus
1220 1498 1463 1545 humanus
1487 1514 1565 1545 ra-

171 1573 454 1623 tiocinando
478 1574 704 1638 procedit
727 1590 756 1621 a
779 1574 990 1636 cognitis
1015 1574 1078 1621 ad
1100 1574 1381 1637 incognita3
1406 1590 1564 1637 neque

171 1657 335 1714 potest
368 1666 533 1698 rerum
569 1650 940 1714 consequentias
972 1650 1021 1697 in
1047 1667 1276 1714 magnam
1299 1650 1565 1714 longitudi-

172 1742 288 1774 nem
328 1725 607 1790 prospicere
650 1726 755 1774 sine
798 1726 1078 1789 cognitione
1122 1743 1232 1789 quae
1273 1735 1346 1774 est
1392 1743 1422 1774 a
1457 1743 1565 1774 sen-

178 1802 327 1861 sibus,
351 1801 404 1850 id
427 1808 518 1860 est,
543 1802 646 1849 sine
680 1802 946 1849 multarum
982 1802 1439 1865 consequentiarum
1483 1820 1566 1850 ex-

172 1878 427 1942 perientia.
497 1877 575 1925 Fit
610 1877 725 1925 inde
756 1886 812 1925 ut
846 1878 1044 1940 ingenia
1070 1878 1325 1926 hominum
1349 1878 1564 1926 adversis

175 1954 364 2003 eventis
389 1953 713 2017 corrigantur,
738 1953 984 2012 nimirum,
1010 1954 1260 2017 ingenium
1286 1955 1445 2002 audax
1469 1955 1565 2002 fre-

175 2030 435 2094 quentibus
458 2029 753 2088 infortuniis,
778 2030 1027 2094 ingenium
1046 2031 1357 2079 ambitiosum
1383 2031 1564 2079 crebris

173 2105 395 2170 repulsis,
420 2105 672 2168 ingenium
695 2113 980 2169 protervum
1015 2107 1196 2154 crebris
1232 2107 1564 2171 refrigeratio-

173 2182 350 2238 nibus3
388 2181 600 2244 denique
635 2198 899 2246 puerorum
933 2182 1131 2246 ingenia
1169 2184 1228 2232 ad
1266 2185 1430 2232 omnia
1464 2184 1565 2231 for-

174 2265 388 2317 mantur,
414 2274 523 2321 quae
547 2258 720 2306 volunt
741 2266 970 2321 parentes
996 2266 1045 2306 et
1070 2260 1306 2323 magistri,
1330 2260 1495 2324 virgis

243 2341 288 2384 5.
324 2335 369 2382 A
391 2334 532 2382 bonis
567 2334 794 2393 fortunae,
818 2334 912 2382 hoc
947 2342 1034 2390 est,
1059 2352 1089 2383 a
1112 2335 1307 2393 divitiis,
1332 2353 1361 2384 a
1395 2336 1564 2384 nobili·
1583 2342 1835 2370 Ab0¹¹³⁸s⁰¹tu¹¹oe

173 2418 277 2460 tate
301 2410 511 2475 generis,
536 2427 565 2458 a
599 2410 822 2474 potentia
846 2410 975 2458 civili
1003 2412 1061 2459 fit
1083 2419 1140 2459 ut
1162 2411 1360 2475 ingenia
1382 2413 1566 2476 aliqua-

174 2495 319 2537 tenus
341 2487 621 2543 varientur3
657 2503 768 2534 nam
804 2503 834 2534 a
870 2486 1051 2535 divitiis
1088 2494 1138 2536 et
1171 2488 1392 2551 potentia
1423 2488 1567 2548 civili,

175 2563 374 2628 ingenia
396 2563 684 2627 plerumque
707 2564 834 2610 fiunt
855 2563 1143 2626 superbiora
1165 2585 1176 2619 3
1213 2580 1326 2611 nam
1353 2565 1435 2627 qui
1457 2565 1567 2628 plus

175 2647 394 2704 possunt,
420 2639 528 2703 plus
553 2639 701 2687 licere
737 2638 829 2686 sibi
863 2639 1129 2702 postulant,
1155 2639 1206 2687 id
1230 2648 1318 2699 est,
1344 2640 1407 2688 ad
1443 2641 1568 2705 inju-

176 2715 272 2764 rias
294 2715 574 2764 inferendas
607 2714 763 2778 magis
786 2715 1018 2778 propensi
1052 2724 1180 2774 sunt,
1206 2724 1256 2764 et
1280 2716 1343 2764 ad
1362 2717 1566 2766 societa-

177 2800 279 2840 tem
302 2808 415 2840 cum
450 2791 526 2850 iis,
553 2792 636 2855 qui
660 2791 820 2838 minus
843 2799 1064 2855 possunt,
1090 2792 1242 2856 aequis
1276 2793 1466 2857 legibus
1491 2794 1564 2841 in-

181 2867 390 2917 eundam
425 2867 687 2930 ineptiores
720 2874 849 2915 sunt.
921 2867 1164 2915 Nobilitas
1202 2869 1405 2933 antiqua
1429 2869 1566 2933 inge-

314 2958 438 2992 VOL.
467 2958 528 2990 11.
1413 2962 1430 2993 1
