2020 3262
443 246 537 290 302
971 258 1271 293 IMPERIUM.

186 385 314 419 sncw.
334 386 401 420 111,
440 359 667 429 magnam
679 367 898 430 pecuniae
910 368 1009 415 vim
1022 369 1082 416 ab
1097 369 1371 417 hominibus
1384 369 1634 416 tenacibus
1651 370 1809 419 subito

274 437 321 467 ¹3·
441 440 710 490 corradere.
778 442 907 490 Nam
931 459 1096 491 omnes
1125 445 1241 503 fere,
1267 444 1396 506 quod
1420 444 1566 491 semel
1589 444 1641 492 in
1669 445 1810 494 bonis

441 517 538 564 suis
552 526 941 576 numeraverunt,
950 519 1020 566 ita
1034 535 1172 566 suum
1187 527 1234 566 et
1250 519 1339 566 sibi
1353 520 1603 582 proprium
1618 535 1720 568 esse
1729 520 1808 583 ju-

441 591 621 652 dicant,
644 599 701 641 ut
717 593 944 656 injuriam
968 594 1058 641 sibi
1081 594 1186 641 fieri
1202 602 1390 657 putent,
1416 595 1605 656 quoties
1627 595 1704 642 vel
1719 595 1809 642 mi-

438 667 619 715 nimam
638 669 740 731 ejus
762 676 952 731 partem
976 675 1216 731 coguntur
1246 669 1297 715 in
1324 669 1569 731 publicum
1595 685 1808 732 erogare.

437 742 511 789 Ex
547 758 604 790 eo
638 749 817 802 autem,
843 743 972 806 quod
995 760 1024 791 a
1045 744 1272 806 portoriis
1304 750 1353 791 et
1383 759 1546 791 rerum
1567 745 1810 793 venalium

437 818 663 882 vectigali
687 819 750 866 ad
773 820 997 866 aerarium
1028 819 1232 876 accedit,
1255 819 1460 881 pecunia
1492 819 1610 866 satis
1633 835 1811 883 magna

436 892 500 940 ad
524 893 768 941 civitatem
791 894 935 941 armis
960 893 1311 941 defendendam
1334 894 1492 941 subito
1517 894 1691 942 confici
1711 910 1810 942 non

435 975 613 1031 potest.
682 968 890 1015 Pecunia
926 968 1090 1030 itaque
1129 968 1244 1015 belli
1282 984 1442 1027 causa,
1485 969 1525 1016 si
1565 969 1811 1018 civitatem

438 1041 619 1091 salvam
659 1059 761 1091 esse
797 1044 1032 1102 volumuS,
1071 1051 1291 1106 tempore
1330 1044 1463 1106 pacis
1503 1045 1811 1108 congerenda
1851 1096 1855 1100 ,

437 1125 524 1166 est.
595 1118 718 1166 Cum
757 1134 871 1181 ergo
913 1118 1162 1181 explorare
1197 1119 1409 1166 hostium
1437 1119 1650 1178 consilia,
1675 1135 1810 1168 arma

435 1200 486 1240 et
510 1194 735 1256 praesidia
756 1200 938 1253 tenere,
969 1194 1223 1256 pecuniam
1260 1194 1311 1241 in
1346 1201 1575 1256 promptu
1614 1195 1807 1254 habere,

434 1268 782 1330 imperantibus
819 1269 881 1316 ad
921 1270 1124 1317 salutem
1164 1269 1340 1317 civium
1375 1269 1648 1317 necessaria
1678 1270 1807 1325 sint;

436 1342 642 1390 salutem
665 1350 828 1390 autem
851 1344 1026 1391 civium
1064 1345 1194 1392 omni
1222 1350 1399 1392 conatu
1420 1360 1679 1407 procurare
1700 1346 1808 1408 lege

435 1423 622 1465 naturae
657 1417 898 1481 principes
934 1425 1222 1466 teneantur:
1271 1420 1489 1482 sequitur
1527 1436 1626 1467 non
1661 1420 1808 1468 modo

434 1492 621 1540 licitum
645 1493 713 1540 eis
738 1508 842 1540 esse
860 1493 1186 1556 exploratores
1212 1494 1449 1553 emittere,
1467 1494 1644 1542 milites
1662 1495 1809 1552 alere,

432 1568 798 1632 propugnacula
821 1568 1076 1628 aedificare,
1097 1575 1146 1616 et
1168 1569 1422 1632 pecuniam
1443 1569 1494 1616 in
1513 1585 1592 1617 eas
1608 1585 1685 1617 res
1708 1569 1807 1617 exi-

432 1659 562 1706 gere,
587 1643 672 1691 sed
706 1644 852 1691 etiam
886 1659 943 1691 ea
977 1660 1077 1691 non
1116 1644 1275 1691 facere
1308 1643 1546 1691 illicitum.
1618 1644 1806 1693 Quibus

434 1719 580 1766 etiam
603 1718 718 1766 addi
748 1725 911 1782 potest
947 1718 1178 1781 quicquid
1206 1718 1269 1765 ad
1290 1718 1559 1781 potentiam
1582 1725 1806 1767 externo-

432 1810 555 1853 rum,
580 1811 610 1842 a
633 1787 807 1858 quibus
836 1800 1075 1853 metuunt,
1099 1794 1175 1842 vel
1201 1800 1305 1841 arte
1327 1793 1403 1840 vel
1425 1793 1473 1841 vi
1496 1793 1807 1840 minuendam

433 1870 704 1917 conducere
720 1869 987 1918 videbitur:
1026 1869 1302 1932 obligantur
1316 1868 1444 1915 enim
1461 1875 1674 1915 rectores
1692 1867 1806 1916 civi-

432 1951 590 1992 tatum
622 1945 763 2003 mala,
790 1960 898 2007 quae
935 1950 1173 2001 metuunt,
1199 1958 1369 1990 curare
1405 1959 1494 2005 pro
1530 1943 1710 1990 viribus
1745 1958 1807 1990 ne

433 2019 735 2082 contingant.

154 2098 402 2150 RePtainfffimfio
497 2099 543 2142 9.
579 2094 658 2141 Ad
673 2094 1091 2141 conservationem
1105 2100 1268 2141 autem
1282 2093 1413 2156 pacis
1432 2093 1635 2140 internae
1653 2092 1807 2140 multa

152 2143 403 2223 ffiffiviss,ssssssi
430 2170 759 2232 requiruntur,
805 2169 918 2231 quia
973 2169 1125 2216 multa
1176 2173 1487 2225 concurrunt,
1543 2173 1598 2214 ut
1647 2161 1805 2229 capite

152 2229 356 2300 Zssssssssgssssfloe
431 2245 738 2308 praecedente
776 2251 1023 2291 ostensum
1056 2250 1143 2301 est,
1179 2243 1242 2290 ad
1278 2258 1383 2291 eam
1413 2241 1802 2304 perturbandam.

432 2320 747 2368 Ostendimus
771 2320 839 2366 ibi
858 2319 952 2366 alia
975 2334 1076 2366 esse
1101 2334 1207 2381 quae
1241 2317 1504 2380 disponunt
1525 2316 1709 2364 animos
1741 2316 1805 2363 ad

430 2396 730 2454 seditionem,
755 2395 850 2442 alia
874 2409 980 2457 quae
1006 2393 1261 2456 dispositos
1284 2398 1480 2440 movent
1503 2391 1802 2439 et-excitant.

430 2472 565 2519 Inter
595 2487 667 2530 ea,
690 2486 797 2534 quae
832 2470 1110 2532 disponunt,
1129 2467 1486 2516 numeravimus
1507 2466 1663 2530 primo
1693 2466 1802 2513 loco

429 2546 662 2609 quasdam
699 2561 871 2609 pravas
912 2545 1168 2592 doctrinas.
1239 2544 1343 2590 Has
1382 2542 1530 2604 igitur
1560 2540 1803 2588 eradicare

429 2637 488 2669 ex
511 2621 683 2669 animis
714 2621 906 2679 civium,
931 2626 981 2667 et
1015 2619 1282 2667 contrarias
1315 2617 1559 2664 insinuare
1593 2615 1802 2662 officium

428 2712 595 2743 eorum
618 2703 705 2754 est,
730 2695 812 2759 qui
836 2711 1024 2743 summa
1044 2694 1247 2757 imperia
1263 2692 1613 2740 administrant.
1668 2690 1802 2739 Quo-

427 2771 557 2818 niam
576 2778 737 2829 autem
755 2770 1006 2833 opiniones
1019 2785 1119 2816 non
1136 2766 1434 2831 imperandO,
1454 2765 1539 2813 sed
1553 2765 1771 2813 docendo
1787 2783 1800 2820 ;

427 2861 525 2893 non
547 2853 731 2894 terrore
767 2861 1034 2907 poenarum,
1060 2844 1145 2892 sed
1177 2841 1519 2906 perspicuitate
1555 2841 1799 2889 rationum
