2020 3262
419 285 560 320 LocA
588 286 677 320 ss.
707 283 968 319 SECUNDA
994 283 1349 317 ANTEDICTIS.
1495 273 1593 316 283

195 397 606 462 acquiescendum
646 413 750 446 esse
787 396 932 444 dictis
961 411 1148 454 eorum,
1174 410 1296 458 quos
1318 411 1432 443 vere
1455 410 1595 458 reges
1636 414 1764 447 SECT,
1788 413 1855 445 111.

194 473 248 522 in
266 489 358 522 nos
382 474 742 529 constituimuS‚
766 473 819 521 ni
839 472 1044 520 velimus
1064 470 1293 519 incendio
1307 470 1424 518 belli
1443 471 1596 518 civilis
1723 467 1772 496 ¹¹·
1836 510 1842 520 ,

197 550 436 598 consumi.
508 548 855 598 Particularius
875 554 1038 595 autem
1060 546 1353 593 describitur
1376 546 1599 608 potentia
1616 560 1796 610 fxbsomum
1819 602 1826 607 -

168 650 174 655 ·
196 620 333 689 regia
351 642 382 674 a
396 625 502 673 Deo
522 625 628 689 ipso
644 641 733 689 per
754 623 1031 672 Samuelem
1059 622 1105 684 (1
1129 621 1370 669 Sam.viii.
1388 626 1436 680 9,
1453 622 1595 683 etc.):
1615 611 1862 674 ἓὲξὲῗζῖζῑζῖᾆζῃ

197 701 403 750 Praedic
441 701 508 749 iis
535 702 628 764 jus
665 701 825 765 regis,
859 699 947 764 qui
984 704 1293 763 regnaturus
1324 703 1402 744 est
1444 713 1598 761 super
1615 687 1884 761 ffffigffissssffffi

199 793 300 836 eos,
319 781 414 825 etc.
484 776 602 824 Hoc
627 776 729 824 erit
739 777 831 839 jus
855 775 998 840 regis
1022 774 1109 839 qui
1145 774 1486 838 imperaturus
1522 779 1599 820 est
1615 776 1885 813 ciS⁰0¹¹¹Pr⁰batu¹¹¹

199 851 374 901 vobis:
394 851 546 914 filio-s·
577 858 773 900 vestro-s·
807 850 968 910 tollet,
1000 857 1051 898 et
1079 856 1234 914 ponet
1277 849 1328 896 in
1367 848 1600 896 curribus

199 929 324 986 suis,
349 935 445 976 etc.
515 928 683 976 Filias
720 944 915 992 quoque
951 933 1150 974 vestras
1173 924 1352 989 faciet
1384 923 1483 972 sibi
1518 941 1604 971 un-

196 1004 632 1070 guentaria3‚ete.
707 1003 907 1051 Oliveta
950 1002 1140 1067 optima
1183 1001 1343 1058 tollet,
1376 1007 1427 1048 et
1460 999 1605 1048 dabit

201 1081 366 1128 servis
407 1080 530 1139 suis,
562 1087 657 1128 ete.
730 1080 908 1127 Nonne
950 1087 1025 1127 est
1061 1078 1286 1142 potentia
1323 1076 1606 1141 hujusmodi

202 1155 463 1204 absoluta?
516 1156 853 1203 Veruntamen
879 1155 940 1203 ab
955 1155 1062 1218 ipso
1088 1154 1193 1202 Deo
1213 1154 1487 1218 appellatur
1505 1167 1604 1201 JUS

205 1231 387 1280 REGIS.
479 1231 652 1294 Neque
687 1230 884 1279 videtur
930 1230 1204 1294 quisquam,
1248 1247 1310 1278 ne
1363 1229 1606 1277 sacerdos

204 1307 402 1372 quidem
438 1323 650 1354 summu-s·
691 1306 823 1370 apud
853 1306 1070 1366 Judaeos,
1096 1307 1157 1354 ab
1196 1306 1480 1354 obedientia
1516 1308 1607 1352 hac

203 1390 425 1432 exemtus
442 1382 609 1431 fuisse.
669 1383 768 1431 Ubi
786 1383 918 1430 enim
947 1383 992 1445 (l
1016 1383 1139 1446 Reg.
1157 1383 1207 1430 ii.
1224 1389 1306 1443 26,
1326 1383 1411 1445 27)
1446 1381 1608 1430 Abia-

205 1459 354 1508 tharo
369 1458 631 1508 sacerdoti
646 1459 782 1507 dixit
796 1475 906 1518 rex,
925 1459 1161 1507 nimirum
1178 1459 1431 1507 Salomon:
1468 1458 1514 1504 V
1509 1458 1609 1505 ade

205 1535 260 1583 in
285 1533 547 1583 Anatkoth
571 1534 645 1582 ad
665 1551 846 1600 agrum
872 1541 1005 1582 tuum
1021 1553 1040 1589 ;
1082 1535 1310 1598 equidem
1329 1535 1408 1582 vir
1431 1533 1609 1581 mortis

206 1627 294 1659 es:
329 1609 425 1658 sed
439 1610 588 1658 hodie
609 1616 659 1658 te
678 1627 773 1657 non
795 1610 1112 1672 interficiam,
1133 1611 1253 1674 quia
1273 1610 1504 1674 portasti
1523 1626 1609 1657 ar-

207 1703 317 1736 cam
339 1685 548 1734 Domini
570 1685 674 1733 Dei
689 1702 858 1733 coram
873 1685 1054 1733 David
1062 1692 1221 1750 patre
1244 1703 1365 1745 meo,
1391 1692 1442 1734 et
1457 1686 1611 1734 susti-

209 1761 368 1811 nuisti
403 1761 626 1809 laborem
668 1761 719 1809 in
758 1761 996 1820 omnibus,
1036 1762 1088 1810 in
1130 1761 1308 1827 quibus
1353 1762 1610 1811 laboravit

206 1844 363 1904 pater
395 1854 545 1886 meus.
606 1838 683 1885 Et
717 1838 868 1900 ejecit
904 1837 1138 1886 Salomon
1171 1838 1524 1897 Abiatlzarnm,
1557 1844 1614 1885 ut

211 1931 309 1964 non
323 1921 458 1962 esset
471 1913 715 1962 sacerdos
730 1913 957 1962 Domini:
987 1914 1123 1962 nullo
1138 1921 1429 1978 argumento
1449 1913 1616 1977 colligi

212 1996 392 2055 potest,
424 1990 612 2039 factum
643 1990 767 2038 illud
792 1990 899 2038 Deo
930 1990 1261 2054 displicuisse;
1299 2006 1460 2054 neque
1484 1989 1616 2038 enim

212 2066 509 2131 reprehendi
535 2067 864 2126 Salomonem,
885 2073 971 2115 aut
993 2083 1255 2130 personam
1279 2067 1383 2131 ejus
1409 2083 1467 2116 eo
1491 2074 1614 2115 tem-

213 2158 334 2207 pore
355 2158 531 2207 parum
556 2143 662 2192 Deo
687 2149 941 2207 acceptam
963 2142 1114 2191 fuisse
1137 2143 1358 2208 legimus.

805 2586 1072 2604 ΙΙ
