2020 3262
495 269 566 303 DE
592 266 831 326 LEG133US
858 266 926 300 ΕΤ
951 265 1234 300 PECCATIS.
1475 255 1569 300 317

172 380 360 430 cultum
382 381 491 441 Dei,
515 380 746 429 nimirum
769 395 878 443 quae
903 385 954 427 et
977 395 1074 442 quo
1103 378 1203 426 ritu
1220 394 1459 441 personae,
1479 394 1572 437 res,
1617 401 1748 437 SECT,
1767 400 1840 434 111,

171 457 295 517 loca,
321 457 654 506 consecranda
677 465 806 516 sunt,
828 472 938 519 quae
963 455 1217 519 opiniones
1243 454 1374 502 circa
1392 471 1575 502 numen
1711 453 1760 484 ¹4·

174 533 394 583 divinum
415 534 610 599 publice
635 532 883 592 docendae,
910 539 961 580 et
986 531 1160 595 quibus
1192 530 1353 579 verbis
1377 531 1577 579 ritibus-

175 627 271 674 que
288 611 670 676 supplicationes
684 609 923 658 faciendae
939 615 1068 668 sunt,
1085 615 1136 656 et
1154 606 1353 662 similia;
1381 613 1431 654 et
1445 606 1579 654 nulla

173 687 283 751 lege
301 687 468 736 divina
483 686 694 752 positiva
717 685 1031 734 definiuntur.
1092 685 1222 732 Nam
1240 683 1383 748 lege-s·
1403 681 1579 730 civiles

175 779 341 811 sac-ree
352 770 469 812 sunt
484 763 722 822 Immanoe,
743 778 851 826 quae
872 768 922 810 et
945 760 1309 810 ecclesiast-icae
1329 759 1580 818 dicuntur,

185 838 318 888 circa
363 855 442 888 res
477 855 658 887 sacras
673 857 692 895 ;
741 837 1012 887 soeculares
1044 843 1209 886 autem
1239 835 1458 900 generali
1492 851 1582 883 no-

177 915 312 964 mine
334 915 510 964 civiles
528 914 764 979 appellari
789 914 963 962 solent.

245 997 294 1040 6.
331 991 536 1050 Rursus,
585 991 667 1039 lex
709 989 875 1038 civili-s·
920 1006 1011 1053 pro
1055 989 1245 1037 duobus
1286 987 1583 1052 legislatoris
1602 991 1868 1065 {pvffffiffljffl

179 1067 366 1128 officiis,
377 1083 585 1131 quorum
598 1066 808 1114 alterum
824 1073 900 1113 est
904 1065 1165 1129 judicare,
1174 1065 1384 1114 alterum
1399 1080 1585 1129 cogere

181 1151 240 1192 ut
272 1143 469 1208 judiciis
492 1142 822 1206 acquiescant,
848 1142 972 1190 duas
994 1142 1146 1190 habet
1168 1148 1351 1206 partes,
1377 1141 1585 1190 alteram

182 1219 574 1279 distributivam,
613 1219 819 1268 alteram
864 1218 1223 1267 vindicativam
1265 1219 1366 1267 sive
1403 1234 1586 1284 poena-

180 1297 327 1345 riam.
397 1295 745 1345 Distributiva
770 1302 861 1356 est,
887 1311 986 1360 qua
1004 1296 1085 1359 jus
1110 1312 1253 1344 suum
1278 1295 1455 1359 cuique
1493 1294 1588 1342 dis-

179 1372 430 1432 tribuitur,
475 1372 571 1420 hoc
618 1379 707 1433 est,
757 1389 867 1436 quae
912 1372 1109 1435 regulas
1157 1372 1376 1421 omnium
1422 1387 1588 1419 rerum

181 1449 452 1509 constituit,
497 1449 672 1513 quibus
713 1449 924 1498 sciamus
966 1449 1085 1512 quid
1125 1450 1283 1506 nobis,
1323 1448 1443 1512 quid
1482 1448 1588 1495 aliis

180 1526 436 1591 proprium
466 1526 531 1575 sit
550 1547 562 1583 ;
599 1527 669 1575 ita
690 1535 748 1576 ut
770 1542 861 1575 nos
884 1526 1066 1574 nostris
1089 1526 1165 1574 uti
1184 1534 1234 1574 et
1257 1525 1355 1574 frui
1379 1525 1462 1573 alii
1488 1541 1588 1572 non

180 1602 467 1668 impediant,
500 1619 660 1666 neque
683 1619 776 1651 nos
805 1602 1130 1666 impediamus
1163 1602 1272 1650 illos
1296 1618 1359 1650 ne
1385 1608 1590 1650 utantur

181 1686 232 1728 et
253 1679 483 1728 fruantur
515 1679 614 1727 suis
635 1701 647 1736 3
685 1686 736 1727 et
761 1678 881 1742 quid
914 1678 1091 1742 cuique
1114 1678 1306 1727 licitum
1329 1677 1393 1726 sit
1427 1677 1589 1726 facere

179 1755 260 1804 vel
297 1755 541 1815 omittere,
582 1754 702 1819 quid
732 1754 960 1802 illicitum
994 1754 1315 1802 Vindicativa
1347 1762 1437 1814 est,
1477 1770 1590 1818 qua,

183 1847 293 1896 quae
315 1847 476 1895 poenae
501 1831 752 1880 sumendae
777 1839 892 1880 sunt
916 1831 977 1879 de
1000 1831 1060 1879 iis
1085 1831 1168 1896 qui
1203 1832 1363 1896 legem
1386 1831 1592 1884 violant,

187 1907 437 1956 definitur.

252 1986 300 2039 7.
335 1983 686 2032 Dia-tributim
724 1990 891 2032 autem
928 1990 979 2032 et
1015 1984 1328 2033 vindicativa
1351 2001 1451 2033 non
1476 1991 1591 2032 sunt
1608 1990 1834 2019 Distn'butivssm

1607 2037 1637 2063 et
1650 2034 1859 2063 vindicativam

186 2059 296 2108 duae
318 2059 486 2124 legum
509 2060 722 2125 specie-9,
748 2060 833 2108 sed
857 2059 1077 2124 ejusdem
1099 2061 1221 2125 legis
1259 2061 1368 2109 duae
1385 2067 1588 2126 partes.
1606 2087 1668 2107 non
1682 2078 1866 2115 essespecies

187 2135 440 2200 Siquidem
464 2136 595 2185 enim
618 2137 698 2185 lex
720 2137 844 2185 nihil
867 2137 1074 2201 amplius
1098 2137 1246 2198 dicat,
1267 2155 1428 2202 quam,
1453 2138 1591 2186 verbi
1606 2121 1881 2161 ¹egum'aedparm'

187 2212 363 2276 gratia,
386 2219 519 2261 tuum
539 2219 662 2273 esto,
688 2213 825 2278 quod
846 2219 899 2261 tn
924 2219 1007 2261 tuo
1032 2213 1133 2261 reti
1158 2215 1343 2279 cepisti
1367 2215 1419 2263 in
1442 2215 1590 2275 mari,

185 2289 371 2337 frustra
389 2297 480 2337 est.
520 2289 835 2353 Quamquam
859 2289 990 2337 enim
1009 2290 1133 2338 alter
1151 2291 1327 2355 eripiat
1348 2291 1441 2339 tibi
1459 2291 1593 2356 quod

188 2365 377 2430 cepisti,
402 2382 502 2414 non
527 2365 734 2430 impedit
758 2366 876 2430 quin
894 2366 1056 2415 adhuc
1075 2375 1217 2416 tuum
1240 2368 1318 2417 sit.
1388 2369 1519 2417 Nam
1541 2368 1594 2416 in

190 2449 325 2492 statu
345 2450 554 2502 naturae,
589 2443 676 2491 ubi
707 2443 872 2491 omnia
903 2444 1122 2493 omnium
1152 2453 1266 2494 sunt
1298 2445 1594 2503 communia,

189 2519 322 2568 idem
345 2525 422 2568 est
446 2527 497 2568 et
521 2526 653 2567 tuum
679 2527 730 2567 et
753 2519 968 2568 alienum
982 2539 1002 2576 ;
1038 2521 1107 2570 ita
1145 2529 1202 2570 ut
1233 2521 1365 2586 quod
1394 2522 1475 2572 lex
1511 2522 1595 2570 de-

190 2595 301 2644 finit
325 2611 429 2644 esse
454 2602 602 2655 tuum,
629 2602 762 2643 tuum
787 2602 893 2644 erat
912 2596 1060 2646 etiam
1085 2606 1199 2646 ante
1218 2598 1394 2662 legem,
1416 2607 1467 2646 et
1483 2607 1597 2662 post

190 2670 351 2736 legem
390 2678 524 2720 tuum
558 2687 663 2720 esse
699 2688 801 2720 non
842 2673 1035 2733 desinit,
1061 2691 1359 2739 quamquam
1395 2675 1457 2723 ab
1500 2675 1596 2723 alio

190 2763 485 2811 possessum.
523 2749 660 2797 Nihil
685 2764 803 2812 ergo
827 2748 906 2796 lex
924 2750 1042 2813 agit,
1067 2750 1162 2798 nisi
1184 2751 1254 2799 ita
1276 2751 1594 2815 intelligatur,

194 2829 252 2871 ut
277 2823 347 2872 sic
381 2831 514 2873 tuum
539 2825 618 2884 sit,
642 2831 700 2872 ut
726 2840 896 2872 omnes
922 2825 1003 2873 alii
1027 2826 1395 2889 prohibeantur,
1420 2843 1483 2875 ne
1506 2828 1597 2875 im-

193 2899 395 2963 pediant
415 2917 513 2965 quo
532 2901 695 2951 minus
714 2901 848 2949 omni
867 2910 1089 2966 tempore
1109 2919 1166 2951 eo
1185 2903 1340 2966 possis
1359 2911 1445 2952 tuo
1469 2904 1598 2952 arbi-
