1994 3256
496 227 551 268 16
999 240 1069 273 DE
1098 241 1337 275 HOMINE.

241 367 368 401 Smyr,
393 369 443 402 11,
492 347 648 394 tantia
669 354 809 396 tanta
845 351 1097 399 conversio
1131 352 1258 399 oculi
1289 350 1579 399 insensibilis
1603 353 1781 402 sufficit
1802 354 1867 402 ad

325 420 359 449 2·
489 429 675 469 motum
709 439 877 472 eorum
907 426 1275 489 assequendum,
1305 442 1512 489 quorum
1547 427 1670 475 radii
1694 444 1720 476 e
1744 429 1864 477 locis

243 465 431 489 s-wd

487 496 614 545 inter
647 514 698 545 se
732 499 872 547 valde
907 500 1084 548 dissitis
1118 501 1371 548 minimum
1405 508 1570 548 tamen
1606 501 1656 549 in
1693 511 1863 552 centro

486 573 658 621 retinae
682 574 896 622 efficiunt
919 576 1167 638 angulum,

553 648 845 708 Secundum,
855 650 986 712 quod
1001 650 1041 697 si
1055 651 1222 698 oculus
1237 658 1285 698 et
1298 652 1542 714 objectum
1558 667 1863 700 communem

485 731 671 772 motum
694 725 921 782 habeant,
946 733 1106 773 motus
1131 726 1310 788 objecti
1328 743 1427 774 non
1447 726 1712 782 sentietur3
1747 743 1862 775 nam

484 799 678 859 quando
712 800 806 847 hoc
840 801 912 858 fit,
948 800 1114 847 oculus
1148 800 1249 863 ipse
1283 817 1382 849 non
1421 801 1734 861 convertitur,
1774 803 1862 851 sed

482 872 637 920 fertur
655 874 704 921 in
720 874 849 921 linea
864 891 972 936 quae
989 874 1131 922 lineae
1149 882 1309 923 motus
1327 876 1506 938 objecti
1525 884 1600 923 est
1613 877 1858 939 parallela,

483 948 687 1011 ideoque
710 950 833 997 radii
857 951 916 997 ab
937 951 1128 1012 objecto
1147 950 1396 998 venientes
1415 951 1646 1013 angulum
1670 952 1721 999 in
1745 968 1859 1001 cen-

481 1030 558 1071 tro
581 1025 753 1072 retinae
777 1025 991 1073 efficiunt
1014 1025 1215 1073 nullum.

223 1099 418 1131 Qu⁰¹¹¹⁰d⁰i¹¹
549 1105 593 1146 6.
630 1100 864 1158 Tertium,
908 1100 1039 1163 quod
1079 1100 1118 1147 si
1165 1100 1333 1147 oculus
1372 1099 1571 1158 feratur,
1612 1101 1857 1163 objectum

221 1143 462 1223 {gssfflgvfflffi
480 1181 641 1222 autem
675 1175 921 1231 consistat,
956 1182 1011 1223 ut
1045 1175 1222 1223 accidit
1255 1175 1312 1222 iis
1348 1174 1430 1237 qui
1470 1175 1521 1222 in
1557 1175 1681 1223 mari
1718 1176 1857 1226 littus

219 1233 463 1307 ζῖἲριξῖᾚῗζ
478 1249 902 1312 praeternavigant,
927 1256 1092 1297 utrum
1115 1250 1207 1313 ipsi
1234 1266 1298 1297 an
1321 1250 1566 1312 objectum
1588 1258 1855 1311 moveatur,

218 1313 350 1342 Videntis·
477 1339 575 1370 non
599 1323 808 1372 videndo
834 1325 920 1372 sed
943 1324 1276 1372 ratiocinando
1295 1324 1588 1387 intelligunt.
1626 1325 1856 1375 Similiter

477 1398 657 1445 accidit
694 1415 723 1447 a
761 1399 926 1448 littore
962 1400 1039 1447 vel
1079 1399 1142 1447 ad
1177 1399 1315 1447 littus
1351 1399 1708 1462 navigantibus.
1778 1401 1854 1450 Ob

477 1473 682 1521 eandem
705 1474 958 1533 rationem,
982 1481 1149 1521 utrum
1172 1482 1304 1522 terra
1326 1490 1389 1522 an
1412 1481 1544 1522 astra
1565 1483 1855 1525 moveantur

475 1557 614 1597 motu
631 1550 730 1597 sive
754 1566 916 1598 annuo
941 1550 1039 1598 sive
1065 1550 1254 1608 diurno,
1272 1565 1373 1597 non
1391 1565 1534 1597 sensu
1557 1550 1643 1597 sed
1665 1550 1854 1599 ratione

475 1626 866 1689 investigandum
889 1634 976 1673 est.
1048 1625 1298 1673 Utrumvis
1329 1625 1459 1672 enim
1491 1631 1748 1685 statuatur,
1775 1636 1853 1673 ea*-

476 1700 587 1748 dem
610 1701 842 1749 eveniunt
864 1700 1015 1748 oculis
1039 1700 1215 1748 omnia.
1902 1705 1908 1714 “

543 1776 800 1833 Quartum,
825 1776 865 1824 si
887 1783 1048 1823 motus
1081 1774 1262 1838 objecti
1289 1790 1350 1822 ex
1385 1774 1603 1837 pluribus
1639 1774 1852 1823 motibus

474 1851 538 1898 sit
570 1852 878 1915 compositus,
916 1866 1120 1914 quorum
1152 1866 1279 1897 unus
1306 1849 1383 1897 vel
1408 1849 1571 1912 plures
1594 1849 1853 1899 oculo’sint

475 1942 585 1973 cum
608 1926 690 1974 illo
714 1942 1008 1985 communes,
1026 1925 1095 1973 illi
1117 1932 1278 1973 motus
1314 1925 1418 1984 soli,
1455 1924 1538 1987 qui
1572 1941 1852 1974 communes

473 2017 570 2048 non
596 2009 725 2060 sunt,
768 2018 913 2049 sensu
947 2000 1304 2064 percipientur3
1350 1999 1524 2063 reliqui
1559 2015 1659 2047 non
1694 2001 1850 2064 perci-

470 2076 680 2139 pientur.
758 2077 828 2124 Ut
875 2076 958 2139 qui
1003 2075 1144 2123 simul
1188 2074 1435 2137 navigant,
1481 2074 1604 2121 alter
1648 2075 1847 2124 alterius

469 2151 711 2199 incessum
734 2151 881 2210 videt,
899 2151 984 2199 sed
1002 2151 1124 2198 alter
1143 2150 1342 2197 alterius
1359 2165 1681 2212 progressum,
1701 2166 1845 2213 quem

467 2226 614 2274 habet
648 2244 677 2274 a
711 2234 848 2274 motu
881 2227 1032 2285 navis,
1067 2242 1167 2274 non
1199 2225 1348 2273 videt.
1418 2225 1531 2272 Non
1566 2225 1692 2272 enim
1723 2241 1846 2289 opus

466 2301 649 2349 habent
670 2309 727 2349 ut
751 2302 916 2349 oculos
941 2307 1228 2349 convertant
1256 2300 1319 2347 ad
1351 2305 1537 2347 motum
1560 2298 1695 2346 illum
1718 2316 1844 2348 asse-

467 2377 728 2438 quendum,
771 2392 913 2440 quem
960 2392 1020 2423 ex
1061 2382 1198 2423 motu
1242 2374 1378 2422 navis
1426 2373 1670 2421 communi
1713 2391 1842 2423 asse-

465 2458 695 2512 quuntur.

203 2540 355 2572 Quomodo
368 2540 400 2567 in
532 2528 577 2580 7.
614 2526 807 2574 Accidit
830 2541 1024 2589 quoque
1058 2542 1158 2573 non
1193 2541 1303 2572 raro
1337 2530 1391 2571 ut
1426 2524 1670 2586 objectum
1704 2532 1840 2573 stans
1875 2535 1878 2538 “

200 2585 310 2612 visione
326 2584 435 2611 moveri

202 2628 339 2655 videntur
363 2635 429 2663 quae
465 2602 646 2648 moveri
668 2608 833 2648 tamen
854 2601 1089 2659 videatur,
1114 2600 1260 2647 etiam
1278 2605 1434 2647 stante
1453 2614 1510 2645 eo
1529 2598 1612 2661 qui
1635 2606 1840 2661 spectat,

199 2673 435 2751 ζξζΡζξζνᾞζζζ
464 2684 664 2739 propter
699 2683 889 2724 motum
926 2676 1112 2723 cerebri
1147 2676 1224 2723 vel
1263 2674 1398 2722 nervi
1437 2673 1585 2736 optici
1615 2673 1838 2721 acciden-

197 2757 306 2784 tionem
315 2756 442 2804 partim?
464 2752 656 2800 tarium.
728 2751 988 2814 Cognitum
1012 2751 1141 2798 enim
1165 2756 1239 2798 est
1266 2748 1576 2811 experientia,
1599 2748 1836 2808 homines,

197 2800 318 2832 cerebri,
352 2807 433 2826 nem

190 2842 442 2879 optiei,etretinae-
464 2843 493 2874 a
516 2826 825 2890 navigatione
845 2835 895 2873 et
914 2826 1179 2888 jactatione
1196 2826 1431 2874 fluctuum
1450 2823 1645 2871 insolita
1660 2824 1710 2871 in
1726 2825 1835 2874 loco
