1994 3276
386 236 458 270 nn
487 236 672 270 REGNo
702 236 796 270 Dm
824 236 930 270 PER
957 224 1179 271 PAc'rUM
1208 238 1428 272 NovUM.
1506 228 1603 273 409

218 350 271 398 in
301 350 459 409 terris,
485 351 622 413 cujus
642 351 780 414 jussu
798 349 1059 398 convenire
1087 357 1136 398 et
1154 350 1421 399 deliberare
1435 351 1603 415 possit.
1646 372 1774 406 SECT.
1795 372 1863 405 111.

220 425 350 473 Nam
383 433 626 474 rectorem
650 441 752 474 esse
787 424 1015 473 eeclesioe
1055 425 1370 486 universalis,
1396 435 1446 475 et
1463 443 1606 490 posse
1733 424 1781 455 ¹⁷·
1845 470 1852 478 ,

220 517 328 550 eam
351 517 636 561 convocare,
656 501 786 549 idem
809 507 897 560 est,
917 518 974 549 ac
992 509 1233 549 rectorem
1258 517 1361 549 esse
1380 509 1429 550 et
1452 503 1606 551 domi-

218 592 337 625 num
361 577 578 626 omnium
595 593 683 641 per
696 577 974 625 universum
997 578 1165 625 orbem
1189 577 1605 634 Christianorum;

218 653 271 702 id
294 653 426 717 quod
442 654 625 702 nemini
649 653 950 712 conceditur,
973 661 1299 717 praeterquam
1323 654 1413 701 soli
1436 654 1555 701 Deo.

286 731 375 784 27..
404 729 669 778 Ostensum
706 738 781 777 est
820 745 968 793 supra
1003 729 1225 790 (articulo
1268 733 1347 792 18)
1398 729 1608 777 auctori-
1627 732 1841 769 Interpretatia

1625 786 1691 804 110111
1707 776 1865 813 Scripturoe

219 811 373 852 tatem
390 803 767 870 interpretandi
791 805 1091 871 Scripturas
1109 806 1281 854 Sacras
1304 821 1404 853 non
1428 805 1609 853 consis-
1628 819 1893 869 saoroeaefffflm

221 887 327 928 tere
345 879 398 927 in
416 895 490 940 eo,
509 881 643 944 quod
656 880 897 945 interpres
915 881 1071 945 possit
1088 881 1286 945 impune
1301 881 1609 939 sententiam,
1627 863 1848 935 {Rssssffitgfnm

224 972 371 1020 quam
386 956 500 1005 inde
516 956 663 1015 elicit,
687 957 793 1005 aliis
807 958 886 1006 vel
904 957 1086 1021 scripto
1103 957 1180 1005 vel
1202 957 1313 1005 viva
1329 973 1449 1005 voce
1463 973 1613 1020 expo-

222 1048 340 1080 nere
355 1039 405 1080 et
423 1033 681 1097 explicare,
701 1033 787 1081 sed
809 1033 860 1081 in
884 1041 958 1092 eo',
975 1033 1107 1096 quod
1130 1049 1228 1081 non
1243 1033 1306 1082 sit
1319 1033 1424 1082 aliis
1442 1040 1614 1081 contra

222 1108 515 1157 sententiam
553 1110 656 1172 ejus
695 1108 909 1157 faciendi
945 1116 1031 1158 aut
1071 1109 1279 1158 docendi
1309 1110 1389 1173 jus
1409 1130 1421 1165 ;
1458 1109 1527 1157 ita
1557 1115 1614 1156 ut

222 1183 594 1250 interpretatiO,
604 1184 664 1232 de
679 1201 775 1248 qua
788 1185 992 1248 agimus,
1001 1184 1132 1233 idem
1147 1185 1210 1234 sit
1223 1185 1355 1249 quod
1359 1191 1611 1250 potesta&

221 1259 273 1307 in
305 1259 530 1308 omnibus
567 1261 912 1309 controversiis
953 1277 1042 1325 per
1080 1262 1376 1325 Scripturam
1414 1262 1612 1309 Sacram

223 1335 621 1396 determinandis,
647 1336 925 1385 definiendi.
996 1337 1142 1385 Nunc
1167 1337 1521 1386 ostendendum
1540 1344 1615 1384 est

221 1412 564 1460 auctoritatem
578 1413 712 1461 illam
726 1414 971 1477 pertinere
986 1413 1050 1461 ad
1064 1414 1276 1477 singulas
1292 1413 1548 1473 ecelesias,
1565 1421 1616 1461 et

223 1488 498 1552 dependere
517 1490 578 1537 ab
598 1490 895 1538 auctoritate
915 1491 1019 1553 ejus
1031 1489 1109 1537 vel
1133 1506 1301 1538 eorum
1325 1490 1408 1554 qui
1431 1490 1615 1538 habent

223 1581 466 1613 summum
488 1565 762 1628 imperium,
783 1565 930 1613 modo
951 1565 1050 1613 sint
1069 1565 1344 1614 Christiani.
1417 1566 1468 1613 Si
1487 1565 1617 1613 enim

222 1641 285 1689 ab
309 1641 602 1689 auctoritate
619 1641 749 1689 civili
771 1658 874 1690 11011
900 1641 1189 1705 dependeat,
1210 1642 1484 1706 dependere
1509 1658 1618 1691 eam

224 1722 422 1780 oportet
449 1717 526 1765 vel
564 1717 625 1765 ab
659 1710 860 1766 arbitrio
889 1718 1191 1782 singulorum
1228 1719 1421 1778 civium,
1445 1719 1522 1766 vel
1554 1719 1615 1766 ab

225 1792 522 1841 auctoritate
542 1799 758 1842 externa.
809 1794 886 1841 Ne
907 1810 1020 1842 vero
1039 1795 1099 1842 ab
1119 1795 1323 1843 arbitrio
1343 1795 1618 1858 dependeat

227 1867 544 1931 singulorum,
563 1868 839 1932 prohibent,
856 1869 984 1918 inter
998 1870 1107 1930 alia,
1125 1878 1486 1934 consequutura
1502 1870 1617 1918 inde

227 1944 538 1992 incommoda
577 1952 627 1992 et
663 1946 889 1993 absurda.
962 1946 1185 1995 Quorum
1209 1947 1511 2010 praecipuum
1545 1954 1620 1995 est

164 2074 169 2079 ‚
226 2019 338 2079 hoc,
363 2020 496 2084 quod
530 2038 628 2070 non
651 2022 798 2070 modo
824 2022 982 2070 omnis
1006 2023 1277 2082 tolleretur,
1303 2030 1475 2071 contra
1497 2039 1620 2087 prae-

228 2092 426 2160 ceptum
450 2096 644 2157 Christi,
670 2097 952 2146 obedientia
975 2098 1144 2155 civilis,
1170 2099 1256 2147 sed
1287 2099 1436 2147 etiam
1461 2099 1620 2147 omnis

227 2171 435 2220 societas
476 2180 526 2220 et
567 2189 663 2236 pax
701 2173 932 2233 humana,
975 2182 1146 2223 contra
1185 2175 1318 2238 leges
1355 2176 1619 2234 naturales,

228 2248 593 2297 dissolveretur.
664 2249 787 2297 Cum
813 2250 942 2297 enim
968 2250 1269 2314 Scripturam
1301 2252 1502 2299 Sacram
1523 2251 1620 2299 sin-

226 2325 331 2389 guli
349 2319 732 2389 interpretentur
751 2326 857 2385 sibi,
876 2326 928 2374 id
947 2333 1036 2386 est,
1052 2327 1385 2391 unusquisque
1404 2328 1622 2391 judicem

228 2416 281 2448 se
314 2400 479 2460 faciat,
513 2402 632 2465 quid
663 2402 768 2450 Deo
803 2402 1010 2465 placeat,
1048 2403 1166 2466 quid
1204 2403 1487 2466 displiceat3
1523 2420 1622 2451 non

228 2483 342 2524 ante
360 2477 661 2541 principibus
677 2477 876 2526 obedire
889 2486 1109 2542 possunt,
1130 2496 1276 2543 quam
1292 2479 1385 2544 ipsi
1410 2480 1470 2527 de
1484 2495 1621 2527 man-

230 2552 358 2601 datis
375 2569 560 2612 eorum,
579 2561 746 2601 utrum
763 2553 1033 2602 conformia
1051 2555 1149 2603 sint
1166 2555 1430 2619 Scripturae
1449 2572 1620 2615 necne,

224 2628 570 2692 judicaverint.
640 2629 803 2692 Atque
828 2629 897 2677 sic
915 2629 992 2676 vel
1015 2645 1116 2678 non
1140 2631 1390 2690 obediunt,
1406 2631 1482 2679 vel
1507 2632 1622 2679 obe-

231 2704 373 2754 diunt
417 2712 619 2770 propter
658 2705 900 2769 judicium
945 2706 1214 2770 proprium,
1255 2707 1350 2755 hoc
1397 2715 1487 2767 est,
1530 2708 1623 2756 sibi

231 2781 482 2841 obediunt,
525 2798 625 2830 non
666 2781 868 2829 civitati.
937 2781 1147 2830 Tollitur
1186 2799 1303 2846 ergo
1345 2783 1624 2832 obedientia

233 2857 400 2906 civilis.
438 2858 638 2917 Rursus,
655 2874 764 2906 cum
780 2858 1112 2922 unusquisque
1130 2859 1376 2923 propriam
1392 2868 1623 2924 sequatur
