2020 3262
0 434 25 512 ξ

7 513 26 532 Ἣ.

0 0 62 287 ἔ
340 262 411 295 DE
440 262 628 296 REGNo
657 261 752 294 Dm
781 260 887 293 PER
914 259 1138 294 PACTUM
1168 262 1389 295 NovnM.
1462 250 1558 301 379

0 290 36 315 ‘f

0 315 14 325 ,.

167 386 169 388 ·
234 379 282 423 6.
309 372 621 437 Quamquam
636 379 801 421 autem
815 387 1025 436 regnum
1040 371 1143 419 Dei
1156 388 1246 435 per
1262 373 1559 422 CHRISTUM
1601 395 1730 428 SEcrr,
1752 395 1823 428 111,

147 449 365 516 soedere
403 466 524 497 novo
565 446 979 506 constituendum,
1023 447 1221 495 eoeleste
1260 448 1424 504 fuerit,
1459 465 1562 496 non

1690 446 1739 480 17.

1618 493 1809 516 κ-Ὓ-κ

168 533 246 575 est
267 525 380 573 ideo
394 525 671 588 putandum
695 539 792 582 eos,
816 523 900 586 qui
915 522 967 571 in
986 522 1285 572 CHRISTUM
1307 524 1562 572 eredentes
1582 541 1725 579 Regimen
1735 540 1847 569 christi

1580 585 1612 612 in
1626 585 1682 612 hoe
1696 585 1808 612 mundo

167 609 371 666 pactum
391 600 516 649 illud
546 601 744 660 inirent,
768 615 871 648 non
893 599 998 647 fore
1029 599 1179 647 etiam
1214 600 1267 647 in
1302 599 1448 647 terris
1486 600 1565 647 ita
1582 637 1641 655 „011
1655 628 1744 655 fuisse
1757 628 1808 655 im-

164 676 429 741 regendos,
451 683 510 724 ut
543 677 595 724 in
630 677 728 725 fide
759 692 848 725 sua
886 682 937 723 et
969 675 1250 724 obedientia
1271 682 1417 739 pacto
1450 691 1564 738 pro-

1581 672 1708 708 perium;
1722 671 1773 699 sed

1600 714 1745 748 onsilium,
1762 714 1824 742 sive

168 753 317 801 missa
337 762 726 816 perseverarent.
780 752 983 800 Frustra
1006 751 1137 800 enim
1159 751 1334 799 fuisset
1355 766 1564 813 regnum
1582 758 1711 793 regimen
1724 766 1777 794 per

1583 801 1744 829 doctrinam
1763 804 1793 828 et

167 829 383 887 ooeleste,
422 835 474 876 et
504 829 746 892 promissa
780 827 956 892 patria,
981 827 1076 876 nisi
1109 828 1162 875 in
1192 826 1350 890 ipsam
1385 825 1565 889 perdu-
1582 844 1807 882 persuasionem.

168 905 315 954 cendi
345 920 576 953 essemus.
647 904 856 953 Perduei
895 911 1060 952 autem
1090 920 1191 951 non
1224 909 1446 966 possunt,
1469 902 1566 950 nisi

169 981 324 1046 quiin
345 981 427 1030 via
450 980 746 1045 diriguntur.
806 981 971 1028 Moses
995 996 1108 1028 cum
1130 979 1424 1028 instituisset
1446 994 1566 1042 reg-

168 1074 283 1106 num
317 1056 656 1113 sacerdotale,
680 1057 785 1120 ipse
822 1072 911 1119 per
946 1062 1108 1104 totum
1132 1063 1326 1119 tempus
1347 1055 1568 1119 peregri-

167 1133 383 1181 nationis
404 1148 559 1195 usque
595 1132 660 1180 ad
696 1133 972 1196 ingressum
1004 1140 1149 1180 terrae
1179 1132 1451 1196 promissae,
1475 1132 1569 1179 etsi

168 1225 271 1258 non
293 1215 422 1257 esset
446 1208 690 1265 sacerdos,
727 1208 966 1272 populum
1001 1214 1168 1256 tamen
1202 1208 1332 1256 rexit
1367 1215 1418 1256 et
1452 1224 1569 1256 con—

172 1285 331 1334 duxit.
400 1283 589 1332 Eadem
612 1285 803 1332 ratione
829 1285 1102 1333 Servatoris
1125 1285 1282 1333 nostri
1307 1290 1396 1344 est,
1421 1300 1569 1348 quem

171 1361 380 1410 similem
404 1360 535 1408 Mosi
559 1377 618 1409 ea
640 1361 691 1408 in
728 1377 782 1408 re
822 1361 956 1409 Deus
991 1376 1098 1409 esse
1130 1361 1301 1418 voluit,
1327 1367 1569 1424 quatenus

169 1454 201 1486 a
220 1444 364 1501 patre
386 1437 540 1495 missi,
572 1437 784 1485 coelestis
808 1437 1024 1486 civitatis
1046 1437 1242 1484 futuros
1267 1436 1396 1484 cives
1421 1436 1572 1483 etiam

170 1513 224 1562 in
245 1513 340 1562 hac
363 1513 467 1561 vita
502 1513 574 1561 ita
606 1529 794 1576 regere,
818 1521 876 1561 ut
910 1513 962 1561 in
985 1514 1119 1561 illam
1142 1513 1400 1576 pervenire
1424 1519 1474 1560 et
1495 1512 1572 1559 in-
1622 1512 1626 1516 ’

171 1588 314 1653 gredi
334 1589 540 1652 possint,
566 1589 760 1637 etiamsi
779 1605 989 1652 regnum
1006 1605 1106 1636 non
1126 1590 1230 1652 ejus
1247 1588 1461 1652 proprie,
1487 1587 1574 1636 sed

171 1665 326 1730 patris
348 1665 514 1713 fuerit.
566 1664 665 1712 Sed
687 1665 924 1728 regimen,
951 1681 1048 1728 quo
1072 1665 1241 1713 fideles
1267 1679 1381 1713 suos
1405 1665 1458 1712 in
1479 1665 1575 1712 hae

173 1742 278 1790 vita
310 1741 600 1789 CHRISTUS
626 1741 769 1805 regit,
794 1757 896 1789 non
921 1748 996 1789 est
1017 1742 1215 1805 proprie
1239 1757 1450 1806 regnum
1474 1741 1576 1788 sive

175 1817 451 1883 imperium,
470 1817 557 1865 sed
574 1834 744 1865 munus
759 1817 1092 1882 pastoritium
1108 1818 1210 1866 sive
1217 1819 1309 1881 jus
1330 1816 1543 1865 docendi
1557 1834 1577 1871 ;

174 1893 228 1941 id
251 1900 339 1952 est,
363 1909 467 1941 non
498 1893 635 1942 dedit
673 1894 718 1942 ei
755 1894 888 1942 Deus
928 1900 1070 1957 pater
1105 1901 1403 1958 potestatem
1434 1892 1580 1956 judi-

177 1969 330 2017 candi
376 1968 438 2016 de
478 1985 582 2016 meo
630 1976 680 2017 et
717 1976 817 2028 τωο,
856 1970 984 2017 sicut
1024 1970 1221 2033 regibus
1260 1978 1436 2025 terrae3
1485 1985 1579 2016 nec

175 2052 477 2109 potestatem
512 2045 728 2110 cogendi
770 2061 859 2108 per
889 2062 1091 2110 poenaS,
1126 2062 1289 2109 neque
1316 2045 1460 2110 leges
1482 2045 1578 2109 fe-

176 2120 326 2168 rendi
345 2139 363 2176 ;
417 2120 505 2169 sed
550 2121 737 2169 mundo
785 2120 1078 2169 ostendendi
1111 2128 1160 2170 et
1198 2121 1413 2170 docendi
1449 2121 1581 2169 viam

177 2203 228 2244 et
250 2196 514 2244 scientiam
549 2196 751 2255 saluti-5,
775 2197 872 2245 hoc
910 2203 1000 2256 est,
1029 2198 1364 2263 praedicandi
1402 2204 1454 2246 et
1494 2214 1581 2245 ea:-

169 2271 410 2338 plieandi
449 2271 569 2335 quid
608 2272 889 2320 faciendum
929 2273 989 2321 iis
1029 2280 1117 2333 est,
1156 2274 1240 2337 qui
1277 2274 1329 2321 in
1370 2289 1582 2338 regnum

179 2347 417 2396 eoelorum
473 2348 704 2396 intraturi
763 2357 893 2397 sunt.
988 2349 1141 2398 Quod*
1194 2366 1295 2398 non
1350 2349 1581 2398 habuerit

170 2424 464 2473 'CHRISTUS
500 2431 796 2488 potestatem
827 2442 857 2473 a
878 2431 1020 2488 patre
1043 2425 1108 2473 ad
1131 2426 1486 2489 judicandum,
1519 2426 1575 2473 in

181 2500 530 2564 quaestionibus
555 2501 650 2548 mei
674 2508 725 2549 et
745 2502 834 2561 tui,
859 2502 954 2549 hoc
979 2509 1068 2560 est,
1092 2502 1144 2550 in
1169 2502 1395 2550 omnibus
1420 2519 1583 2566 quoes-

183 2575 401 2624 tionibus
411 2576 571 2639 juris,
610 2577 741 2625 inter
764 2594 846 2626 eos
866 2577 952 2640 qui
974 2594 1076 2626 non
1094 2578 1428 2638 crediderunt,
1466 2579 1583 2627 satis

183 2652 455 2701 ostendunt
476 2653 629 2700 verba
663 2653 748 2701 illa
772 2653 1007 2701 CHRISTI
1046 2669 1194 2717 supra
1217 2654 1401 2702 citata:
1438 2654 1581 2702 homo

183 2727 299 2792 quis
315 2745 390 2776 me
409 2728 904 2792 eonstituitjudicem
920 2735 1010 2777 aut
1024 2729 1292 2778 divisorem
1308 2747 1461 2796 super
1478 2747 1582 2779 vos.

184 2803 250 2852 Et
271 2804 464 2853 ratione
480 2805 799 2853 confirmatur
819 2826 830 2861 ;
868 2822 981 2853 cum
1005 2806 1136 2853 enim
1161 2806 1442 2856 CHRISTUS
1466 2807 1583 2856 mis-

185 2895 268 2928 sus
289 2880 439 2928 fuerit
469 2880 534 2929 ad
566 2888 772 2945 pactum
796 2882 926 2929 inter
950 2882 1110 2930 Deum
1133 2889 1184 2931 et
1205 2883 1427 2932 homines
1456 2900 1582 2948 per-

186 2955 485 3015 cutiendum,
510 2973 669 3020 neque
694 2958 939 3021 obligatur
964 2958 1222 3023 quisquam
1255 2959 1319 3008 ad
1350 2960 1581 3009 obedien-
