2020 3262
490 246 584 288 224
1019 259 1323 294 IMPERIUM.

225 385 355 418 SECT,
373 386 441 418 111,
555 368 628 412 12.
698 364 962 426 Postremo,
987 384 1047 415 ex
1071 384 1128 416 eo
1153 369 1286 432 quod
1322 368 1499 417 civium
1535 372 1862 436 unusquisque

325 436 354 466 δ’
480 439 781 489 voluntatem
815 457 950 489 suam
983 443 1225 491 voluntati
1248 445 1351 507 ejus
1375 445 1596 508 subjecit,
1628 447 1710 509 qui
1732 463 1862 496 sum-

204 528 468 579 ouipqumisfece.
482 530 616 562 mum
654 515 706 562 in
751 516 944 564 civitate
985 518 1241 581 imperium
1279 519 1438 578 habet,
1479 519 1549 567 ita
1586 528 1643 568 ut
1679 522 1862 571 viribus

202 575 247 606 ω’
262 582 379 610 ¹¹¹¹P¹²¹¹e
396 583 465 602 ‘³⁸⁸⁶'
481 590 690 653 propriis
714 599 885 639 contra
902 608 1013 639 eum
1036 593 1110 640 uti
1132 609 1231 641 non
1249 594 1403 656 possit
1421 615 1433 649 ;
1470 595 1688 657 sequitur
1709 599 1862 646 mani—

481 665 618 724 feste,
643 666 840 729 impune
877 667 1051 715 debere
1075 684 1197 727 esse,
1232 669 1463 732 quicquid
1498 671 1559 717 ab
1597 686 1654 718 eo
1677 670 1863 720 factum

482 741 591 789 erit.
660 742 788 790 Nam
810 750 866 790 ut
887 743 1059 805 punire
1082 745 1370 792 naturaliter
1393 760 1504 792 eum
1525 761 1668 794 nemo
1683 754 1860 810 potest,

484 816 566 878 qui
590 817 706 864 satis
729 817 904 865 virium
928 835 1027 866 non
1050 819 1197 867 habet
1218 840 1229 874 ;
1265 820 1335 867 ita
1356 836 1514 883 neque
1540 822 1649 884 jure
1671 822 1860 885 punire,

484 891 567 953 qui
590 893 705 939 satis
728 893 904 941 virium
934 910 1034 942 non.
1065 895 1227 942 habet.

202 984 307 1013 Eidem
322 986 465 1015 aciabus
554 973 627 1014 13.
663 968 738 1014 Ex
760 968 834 1015 his
859 985 967 1031 quae
988 970 1118 1017 dicta
1138 971 1241 1033 jam
1263 977 1391 1028 sunt,
1416 970 1861 1019 manifestissimum

200 1028 354 1065 imperium
386 1030 465 1057 abso-

199 1070 296 1098 lutum
340 1081 453 1100 conces,
483 1049 570 1100 est,
613 1042 664 1089 in
701 1044 834 1090 omni
872 1045 1067 1092 civitate
1098 1045 1316 1108 perfecta
1353 1047 1465 1107 (hoc
1503 1054 1590 1101 est,
1620 1047 1705 1094 ubi
1739 1047 1861 1095 nulli

200 1123 357 1147 ⁸¹¹¹¹¹0⁸⁸e³
377 1124 465 1152 quan·
483 1116 660 1164 civium
672 1120 762 1180 jus
788 1127 861 1166 est
884 1120 1066 1167 viribus
1100 1121 1197 1168 suis
1234 1121 1297 1168 ad
1327 1122 1574 1184 propriam
1605 1138 1860 1170 conserva-

199 1160 285 1194 taque
291 1158 315 1185 ei
327 1158 466 1186 debeatur

198 1200 367 1229 obedientia-
482 1191 665 1239 tionem
688 1209 775 1241 suo
807 1194 1005 1242 arbitrio
1029 1195 1215 1254 utendi,
1241 1197 1339 1243 sive
1362 1197 1446 1243 ubi
1473 1196 1645 1260 gladii
1660 1197 1861 1261 privati

467 1267 559 1328 jus
582 1268 872 1331 excluditur)
897 1286 999 1317 esse
1023 1286 1265 1318 summum
1303 1271 1354 1318 in
1389 1271 1550 1334 aliquo
1587 1271 1858 1334 imperium,

480 1357 574 1403 quo
614 1344 770 1405 majus
793 1345 853 1391 ab
877 1345 1153 1393 hominibus
1188 1347 1297 1409 jure
1322 1347 1530 1394 conferri
1551 1363 1651 1394 non
1681 1354 1857 1410 potest,

478 1417 578 1464 sive
611 1434 705 1480 quo
740 1421 895 1482 majus
930 1436 1073 1467 nemo
1105 1422 1381 1469 mortalium
1411 1423 1589 1470 habere
1622 1430 1784 1486 potest
1807 1423 1859 1471 in

477 1492 703 1555 seipsum.
774 1495 1038 1557 Imperium
1061 1505 1223 1543 autem
1247 1513 1342 1560 quo
1374 1499 1530 1561 majus
1562 1498 1622 1545 ab
1653 1498 1860 1545 homini-

477 1568 566 1615 bus
612 1569 664 1615 in
708 1569 953 1617 hominem
986 1571 1238 1618 transferri
1277 1588 1376 1618 non
1416 1579 1592 1635 potest,
1629 1588 1857 1620 vocamus

478 1646 860 1693 ABSOLUTUMJ*
932 1645 1222 1708 Quicunque
1246 1646 1375 1693 enim
1399 1647 1699 1694 voluntatem
1721 1663 1857 1696 suam

530 1781 554 1804 *ἓ
567 1778 822 1828 Absolutum]
876 1778 1083 1828 Imperium
1106 1779 1322 1817 absolutum
1354 1784 1472 1817 status
1505 1781 1697 1830 popularis
1729 1788 1857 1832 aperte

477 1840 549 1877 sibi
568 1841 744 1889 postulat,
764 1853 835 1878 nec
854 1847 1068 1890 repugnant
1094 1842 1208 1878 cives.
1264 1841 1365 1878 Nam
1385 1842 1422 1878 in
1443 1847 1632 1879 conventu
1650 1842 1859 1879 multorum

477 1900 673 1937 hominum
704 1902 867 1939 civitatis
886 1901 1022 1939 faciem
1050 1907 1274 1952 agnoscunt,
1306 1908 1344 1939 et
1364 1903 1521 1939 consilio
1539 1916 1598 1940 res
1616 1903 1696 1953 geri
1722 1903 1858 1940 intelli-

477 1967 573 2011 gunt
591 1962 704 1998 etiam
734 1962 909 2011 imperiti.
964 1962 1107 2001 Civitas
1134 1969 1259 2000 tamen
1287 1976 1363 2000 non
1391 1963 1515 2000 minus
1545 1969 1602 2001 est
1627 1964 1855 2009 monarchia,

477 2036 590 2072 quam
617 2023 858 2067 democratia,
892 2024 1108 2073 habentque
1141 2037 1247 2073 reges
1279 2023 1441 2061 absoluti
1470 2024 1699 2061 consiliarios
1716 2036 1814 2069 suos,
1833 2037 1856 2061 a

476 2085 615 2134 quibus
633 2085 778 2121 moneri
798 2090 835 2121 et
854 2085 1011 2133 imperia
1029 2098 1097 2122 sua
1116 2085 1154 2121 in
1171 2085 1283 2122 rebus
1302 2085 1478 2122 omnibus
1496 2084 1647 2134 majoris
1674 2086 1855 2122 momenti

476 2146 638 2194 expendi
654 2145 819 2194 quidem,
839 2146 908 2182 etsi
927 2158 1002 2182 non
1023 2147 1204 2190 revocari,
1219 2146 1361 2183 volunt.
1416 2145 1491 2183 Sed
1510 2146 1699 2182 civitatem
1717 2146 1756 2182 in
1769 2158 1855 2195 per-

475 2219 568 2243 sona
586 2207 684 2255 regis
699 2207 895 2250 contineri,
908 2207 1031 2243 minus
1050 2206 1290 2243 manifestum
1305 2213 1361 2243 est
1375 2207 1573 2256 plerisque.
1611 2205 1745 2256 Itaque
1765 2219 1854 2244 con-

474 2272 534 2304 tra
561 2268 761 2316 imperium
789 2267 1003 2304 absolutum
1037 2268 1222 2317 objiciunt
1248 2268 1382 2316 primo,
1402 2268 1504 2317 quod
1522 2267 1552 2304 si
1571 2267 1770 2316 quisquam
1788 2267 1855 2304 tali

469 2328 556 2378 jure
575 2334 684 2373 esset,
713 2329 853 2365 civium
873 2329 1040 2365 conditio
1069 2330 1205 2365 misera
1223 2334 1330 2365 esset.
1386 2328 1449 2366 Sic
1473 2329 1572 2365 enim
1596 2328 1775 2377 cogitant,
1795 2340 1853 2365 ra-

474 2390 562 2439 piet,
575 2390 763 2438 spoliabit,
777 2390 937 2426 occidet.
991 2389 1043 2427 Et
1061 2395 1209 2426 tantum
1225 2402 1299 2426 non
1313 2389 1393 2439 jam
1411 2389 1611 2438 spoliatum
1629 2394 1667 2426 et
1685 2390 1853 2426 occisum

474 2463 513 2487 se
532 2451 693 2500 quisque
711 2456 831 2499 putat.
886 2451 1013 2492 Quare
1041 2456 1168 2487 autem
1187 2450 1358 2488 faceret?
1387 2462 1462 2487 non
1486 2450 1575 2499 quia
1592 2454 1737 2498 potest3
1763 2462 1852 2488 nam

474 2512 545 2548 nisi
566 2512 645 2548 vult
664 2524 738 2549 non
754 2511 878 2548 faciet.
935 2512 999 2548 An
1020 2512 1057 2547 in
1086 2512 1197 2548 unius
1216 2511 1275 2548 vel
1293 2522 1502 2560 paucorum
1521 2510 1679 2560 gratiam
1695 2516 1852 2549 caeteros

473 2586 603 2610 omnes
617 2573 778 2622 spoliare
792 2572 874 2609 vult
887 2573 905 2610 P
936 2571 1065 2610 Primo
1080 2573 1148 2610 etsi
1158 2572 1257 2622 jure,
1272 2572 1311 2609 id
1326 2577 1392 2616 est,
1407 2571 1486 2608 sine
1499 2570 1638 2620 injuria
1650 2571 1721 2607 sibi
1736 2571 1850 2616 illata,

473 2646 549 2671 non
565 2639 688 2671 tamen
700 2634 814 2683 juste,
831 2634 869 2670 id
885 2639 952 2676 est,
967 2634 1047 2670 sine
1063 2634 1264 2670 violatione
1279 2633 1405 2682 legum
1420 2631 1648 2668 naturalium
1663 2637 1701 2668 et
1714 2631 1852 2681 injuria

472 2695 509 2730 in
537 2694 666 2732 Deum
681 2695 807 2732 faciet.
860 2695 995 2744 Itaque
1011 2707 1033 2731 a
1051 2694 1299 2745 jurejurando
1317 2693 1543 2742 principium
1558 2693 1738 2730 securitas
1761 2694 1850 2731 sub-

472 2755 558 2792 ditis
573 2757 694 2793 oritur
708 2756 901 2793 nonnulla.
955 2756 1107 2794 Deinde
1131 2757 1162 2793 si
1185 2755 1288 2805 juste
1303 2755 1340 2791 id
1365 2754 1490 2791 facere
1504 2760 1643 2803 posset,
1657 2755 1716 2791 vel
1729 2755 1761 2791 si
1769 2754 1851 2804 jus-

464 2815 673 2864 jurandum
699 2818 805 2854 nihili
820 2817 1014 2867 penderet,
1030 2818 1126 2854 ratio
1154 2829 1271 2866 quare
1298 2816 1458 2865 spoliare
1486 2816 1586 2852 cives
1611 2827 1697 2852 suos
1724 2816 1848 2859 vellet,

470 2888 558 2913 cum
575 2878 611 2914 id
628 2878 699 2915 sibi
715 2878 856 2915 bonum
873 2890 948 2915 non
961 2878 1019 2923 sit,
1034 2878 1136 2915 nulla
1147 2883 1313 2927 apparet.
1341 2876 1442 2919 Quin
1457 2877 1632 2926 princeps
1645 2876 1848 2926 aliquando
