2020 3262
514 277 585 311 DE
613 275 851 311 LEGIBUS
878 276 946 310 ET
972 275 1252 312 Pacem-Is.
1479 271 1574 315 325

185 388 337 452 igitur
370 390 489 454 quid
523 391 711 439 ratione
746 389 1041 454 culpandum
1077 389 1154 449 sit,
1180 390 1232 438 in
1259 398 1400 440 tanta
1419 393 1577 443 diver-

185 465 329 513 sitate
367 467 684 523 censentium,
721 482 822 514 non
862 466 926 513 sit
960 466 1344 514 mensurandum
1379 485 1468 531 per
1501 487 1578 519 ra-

182 541 368 590 tionem
385 543 544 602 unius,
563 543 720 607 magis
745 558 891 605 quam
914 541 1131 598 alterius,
1148 550 1352 604 propter
1376 546 1576 607 aequali-

182 624 336 665 tatem
366 625 557 667 naturae
591 619 845 674 humanae3
887 633 1046 681 neque
1081 617 1209 665 ratio
1239 618 1340 665 ulla
1375 620 1575 670 exsistat

180 700 362 756 praeter
382 695 596 743 rationes
619 694 943 760 Singulorum,
965 701 1015 742 et
1046 693 1288 742 rationem
1313 694 1535 742 civitatis
1555 715 1575 751 ,-

179 769 400 832 sequitur
435 770 553 834 quid
587 771 650 818 sit
684 771 882 818 ratione
917 769 1218 835 culpandum
1242 769 1574 820 definiendum

178 860 283 894 esse
316 862 347 894 a
381 846 608 902 eivitate3
650 854 707 894 ut
739 846 907 911 culpa,
945 846 1039 894 hoe
1075 852 1164 904 est,
1191 852 1460 910 peccatum
1485 847 1563 906 sit,

175 921 312 984 quod
351 922 459 985 quis
502 922 689 981 fecerit,
728 922 961 980 omiserit,
1000 920 1193 980 dixerit,
1234 921 1314 969 vel
1343 922 1570 983 voluerit,

173 1003 351 1046 contra
372 998 618 1046 rationem
643 997 883 1056 civitatis,
907 997 960 1044 id
983 1003 1071 1055 est,
1099 1003 1272 1044 contra
1296 996 1453 1062 leges.

248 1078 323 1122 18.
359 1074 540 1121 Facere
564 1079 728 1120 autem
752 1072 925 1136 aliquis
942 1079 1107 1136 potest
1131 1079 1304 1120 contra
1326 1073 1458 1137 leges
1481 1091 1571 1139 per

174 1148 509 1197 infirmitatem
527 1148 808 1207 humanam,
831 1148 1021 1196 etiamsi
1045 1164 1126 1196 eas
1149 1149 1354 1212 implere
1373 1151 1568 1214 cupiat3

173 1232 339 1273 tamen
367 1225 477 1288 'ejus
510 1224 712 1283 factum,
732 1230 788 1271 ut
817 1231 990 1272 contra
1011 1224 1161 1288 leges,
1186 1231 1320 1272 recte
1344 1226 1570 1290 culpatur

173 1309 223 1350 et
234 1308 505 1368 peccatum
540 1300 735 1348 dicitur.
807 1301 934 1349 Sunt
958 1308 1126 1349 autem
1150 1301 1235 1365 qui
1257 1301 1390 1365 leges
1413 1303 1569 1366 negli—

169 1386 327 1443 gunt3
365 1378 652 1442 quotiesque
691 1377 816 1425 lucri
850 1377 1253 1441 impunitatisque
1285 1394 1394 1441 spes
1418 1394 1568 1442 appa-

168 1462 260 1514 ret,
284 1454 421 1502 nulla
442 1460 702 1518 pactorum
727 1461 778 1501 et
811 1453 940 1501 datae
971 1453 1088 1501 fidei
1110 1453 1413 1502 conscientia
1446 1455 1566 1503 reti-

169 1538 365 1590 nentur,
399 1531 517 1595 quin
554 1546 635 1578 eas
657 1530 872 1585 violent;
908 1530 1087 1578 horum
1109 1546 1212 1578 non
1247 1529 1394 1578 modo
1418 1530 1565 1590 facta,

167 1607 255 1656 sed
289 1607 439 1656 etiam
473 1606 672 1671 ingenia
695 1606 900 1654 adversa
921 1606 1110 1669 legibus
1143 1612 1272 1654 sunt.
1345 1605 1444 1655 Qui
1478 1622 1566 1670 per

167 1683 508 1732 infirmitatem
546 1689 741 1731 tantum
776 1689 1000 1746 peccant,
1037 1682 1185 1731 etiam
1221 1681 1415 1746 quando
1449 1698 1564 1746 pec-

167 1766 298 1819 cant,
315 1759 418 1808 viri
434 1758 547 1807 boni
566 1766 709 1813 sunt;
733 1759 786 1806 hi
799 1774 933 1818 vero,
949 1758 1100 1806 etiam
1118 1758 1315 1822 quando
1334 1774 1434 1806 non
1450 1775 1565 1822 pec-

167 1843 299 1894 eant,
323 1835 446 1884 mali
469 1843 599 1884 sunt.
671 1835 984 1898 Quamquam
1018 1842 1184 1883 autem
1209 1842 1490 1898 utrumque,
1516 1841 1567 1882 et

167 1913 296 1962 actio
343 1919 394 1961 et
438 1912 660 1971 animus,
692 1911 883 1976 legibus
921 1918 1180 1976 repugnet,
1226 1910 1565 1959 differentibus

165 1997 332 2038 tamen
377 1987 786 2056 appellationibus
844 1987 1183 2051 repugnantiae
1239 1987 1336 2035 illae
1392 1986 1564 2034 distin-

166 2058 402 2130 guuntur.
472 2065 603 2113 Nam
642 2052 851 2112 actionis
887 2063 1221 2127 irregularitas
1257 2062 1452 2124 ἆδίκημα,
1489 2061 1565 2110 in-

154 2143 300 2206 juste
316 2140 526 2205 factum
541 2159 561 2196 ;
597 2140 763 2199 animi,
799 2139 937 2187 ἀδικία
973 2147 1023 2187 et
1058 2140 1198 2199 κακία,
1235 2139 1488 2202 injustitia
1513 2146 1565 2186 et

166 2217 402 2265 malitia:
453 2216 552 2274 illa,
578 2216 879 2280 perturbatae
898 2215 1076 2264 mentis
1097 2214 1366 2279 infirmitas
1386 2233 1406 2271 ;
1440 2215 1561 2274 haec,

165 2292 316 2342 animi
338 2292 496 2341 sedati
509 2292 770 2358 pravitas.

1617 416 1744 450 SECT.
1767 417 1835 451 111.

1709 469 1757 499 14.

1588 1078 1760 1108 Differentia

1586 1122 1662 1151 inter
1674 1126 1826 1160 peccatum

1586 1165 1775 1201 infirmitatis,

1585 1212 1615 1238 et
1633 1210 1782 1239 malitiam.

238 2376 314 2420 19.
352 2371 407 2419 Si
447 2370 643 2434 quidem
681 2376 848 2419 autem
882 2376 1141 2434 peccatum
1180 2385 1282 2417 non
1319 2369 1399 2428 sit,
1431 2369 1563 2433 quod
1580 2376 1617 2405 1¹¹
1631 2386 1689 2416 ‹1110
1698 2386 1803 2415 genere

1578 2421 1690 2459 peccati
1703 2421 1830 2450 contine-

164 2463 268 2496 non
301 2447 365 2495 sit
398 2454 572 2495 eontra
606 2446 819 2510 aliquam
854 2446 1029 2510 legem,
1053 2462 1213 2510 neque
1247 2445 1327 2494 lex
1360 2445 1462 2494 ulla
1483 2446 1561 2507 sit,
1579 2468 1647 2494 atur
1666 2465 1845 2494 Athamas.

166 2540 277 2588 quae
310 2540 412 2572 non
450 2523 514 2571 sit
551 2523 840 2571 mandatum
875 2524 979 2586 ejus
1016 2522 1099 2587 qui
1134 2538 1379 2570 summum
1412 2522 1562 2570 habet

165 2600 456 2665 imperium;
506 2616 666 2663 neque
713 2599 968 2663 quisquam
1016 2615 1260 2647 summum
1304 2598 1563 2662 imperium

164 2677 359 2737 habeat,
385 2676 519 2741 quod
551 2693 652 2724 non
688 2676 752 2724 sit
786 2676 832 2723 ei
855 2683 1025 2724 nostro
1051 2690 1293 2723 consensu
1317 2674 1559 2723 delatum:

167 2752 413 2818 quomodo
452 2769 659 2817 peceare
695 2753 886 2800 dicetur
908 2751 964 2810 is,
991 2752 1075 2815 qui
1096 2751 1175 2799 vel
1197 2767 1298 2799 non
1330 2752 1561 2800 exsistere

167 2830 342 2890 Deum,
354 2830 432 2878 vel
450 2846 551 2878 non
568 2831 845 2894 gubernare
862 2828 1117 2887 mundum,
1134 2828 1466 2888 affirmaverit,
1482 2828 1561 2876 vel

166 2906 311 2963 aliam
352 2907 698 2955 contumeliam
740 2907 790 2954 in
837 2906 998 2969 ipsum
1039 2904 1346 2956 evomuerit?
1417 2905 1561 2954 Dicet
