2020 3262
462 270 556 312 214
997 282 1300 317 IMPERIUM.

203 409 332 443 SECT,
353 411 420 444 111,
462 389 667 438 bominis
690 392 767 439 vel
790 392 916 440 illius
949 394 1163 453 concilii,
1190 395 1268 442 cui
1293 408 1343 441 56
1363 394 1651 454 submiserit,
1675 395 1726 443 id
1748 402 1837 455 est,

296 462 326 491 ⁵·
461 482 523 513 ne
545 482 685 513 usum
704 484 851 530 opum
872 476 922 516 et
935 469 1110 516 virium
1129 486 1325 517 suarum
1348 469 1598 532 (quoniam
1611 471 1690 532 jus
1713 470 1839 534 seip-

462 557 568 589 sum
610 551 780 590 contra
814 543 912 591 vim
950 545 1242 592 defendendi
1278 545 1487 592 retinere
1527 545 1835 608 intelligitur)

462 623 632 665 contra
655 618 774 665 alios
800 635 1126 682 quoscumque
1161 621 1231 667 illi
1267 621 1506 683 deneget:
1542 627 1839 684 vocaturque

461 691 626 740 UNlo.
718 693 952 740 Voluntas
987 702 1149 742 autem
1186 695 1399 754 concilii,
1447 711 1504 743 ea
1553 695 1842 759 intelligitur

460 783 579 826 esse,
605 784 712 831 quae
736 776 810 815 est
832 769 1058 816 voluntas
1075 771 1280 832 majoris
1301 771 1479 834 partis
1494 786 1663 818 eorum
1684 771 1841 819 homi-

459 859 591 903 num,
611 861 670 892 ex
694 845 865 907 quibus
890 846 1147 893 concilium
1171 847 1409 894 consistit.

179 918 442 989 ᾗζηῗίῗξξζξῇξζζω
526 925 571 968 8.
610 921 916 983 Quamquam
951 929 1112 969 autem
1135 922 1361 970 voluntas
1394 938 1493 969 non
1534 921 1597 970 sit
1629 922 1735 984 ipsa
1755 939 1842 971 vo-

178 1005 356 1033 trmsssertur·
458 996 683 1055 luntaria,
712 997 797 1044 sed
818 1004 1009 1044 tantum
1032 998 1280 1045 actionum
1303 998 1685 1045 voluntariarum
1707 997 1840 1061 prin-

459 1071 639 1134 cipium
665 1093 676 1126 ;
733 1088 834 1119 11011
880 1073 1009 1119 6111111
1060 1073 1281 1120 volumus
1315 1073 1453 1131 velle,
1500 1072 1586 1119 sed
1610 1072 1803 1135 facere
1821 1091 1840 1127 ,-

458 1146 665 1210 ideoque
688 1147 885 1194 minime
911 1148 1052 1195 cadat
1075 1148 1163 1195 sub
1183 1147 1577 1195 deliberationem
1597 1155 1646 1195 et
1666 1154 1840 1210 pacta;

460 1230 624 1269 tamen
649 1223 732 1284 qui
756 1223 950 1285 subjicit
971 1223 1272 1271 voluntatem
1297 1240 1434 1270 5113111
1453 1223 1651 1271 alterius
1673 1222 1842 1271 volun-

460 1297 566 1355 tati,
580 1298 812 1346 transfert
825 1299 876 1345 in
894 1299 1029 1346 illum
1044 1299 1249 1346 alterum
1260 1300 1349 1361 jus
1367 1299 1542 1346 virium
1555 1297 1840 1362 etfaculta-

462 1378 560 1417 tum
583 1388 780 1419 suarum
801 1390 812 1419 :
848 1380 903 1420 ut
928 1390 1038 1420 cum
1062 1374 1226 1420 caeteri
1249 1373 1376 1420 idem
1407 1374 1627 1431 fecerint,
1662 1373 1842 1420 habeat

459 1446 515 1504 is,
542 1447 620 1493 cui
655 1448 972 1505 submittitur,
997 1455 1157 1495 tantas
1193 1448 1336 1506 vires,
1360 1456 1417 1496 ut
1451 1455 1636 1495 terrore
1673 1463 1838 1495 earum

459 1521 762 1584 singulorum
785 1523 1057 1570 voluntates
1088 1523 1151 1570 ad
1173 1522 1412 1570 unitatem
1445 1529 1495 1570 et
1531 1522 1840 1570 concordiam

456 1597 609 1658 possit
633 1597 952 1651 conformare.

179 1680 259 1713 Quid
276 1680 313 1708 sit
333 1680 444 1709 civius·
528 1678 573 1719 9.
611 1671 742 1719 Unio
778 1680 940 1719 autem
965 1672 1032 1719 sic
1064 1672 1195 1719 facta
1231 1672 1500 1734 appellatur
1531 1671 1709 1720 civitas
1740 1672 1840 1720 sive

459 1747 676 1795 societas
692 1748 870 1806 civilis2
896 1756 1042 1811 atque
1067 1749 1213 1795 etiam
1228 1764 1451 1811 persona
1470 1747 1647 1795 civilis,
1712 1746 1841 1796 Nam

460 1838 571 1869 cum
608 1839 707 1870 una
739 1823 802 1870 sit
838 1823 1053 1871 omnium
1088 1824 1328 1881 voluntas,
1366 1839 1454 1886 pro
1494 1839 1591 1869 una
1617 1838 1842 1886 persona

459 1897 686 1944 habenda
709 1905 783 1945 est
800 1919 811 1953 ;
849 1905 898 1945 et
915 1899 1110 1945 nomine
1134 1914 1227 1945 uno
1246 1899 1307 1945 ab
1325 1897 1547 1945 omnibus
1565 1898 1841 1946 hominibus

460 1972 834 2034 particularibus
858 1972 1201 2035 distinguenda
1220 1979 1269 2019 et
1293 1972 1636 2036 dignoscenda,
1657 1972 1842 2020 habens

456 2049 569 2110 jura
605 2063 691 2094 sua
723 2055 772 2095 et
804 2064 881 2095 res
913 2048 1003 2095 sibi
1039 2049 1274 2111 proprias.
1345 2049 1423 2095 Ita
1457 2055 1513 2095 ut
1542 2063 1700 2111 neque
1724 2047 1840 2095 civis

461 2122 649 2184 aliquis,
674 2139 830 2186 neque
855 2139 1021 2170 omnes
1045 2123 1201 2181 simul,
1227 2123 1266 2170 si
1301 2123 1595 2186 excipiamus
1622 2137 1734 2169 eum
1756 2138 1840 2169 cu-

456 2198 536 2260 jus
558 2198 782 2246 voluntas
805 2199 868 2246 sit
889 2215 978 2262 pro
1003 2198 1255 2246 voluntate
1280 2199 1510 2257 omnium,
1524 2214 1612 2260 pro
1636 2197 1840 2245 civitate

463 2274 704 2320 censenda
728 2274 804 2321 sit.
876 2274 1100 2321 CIVITAS
1140 2289 1272 2336 ergo,
1310 2281 1365 2321 ut
1402 2289 1508 2321 eam
1539 2273 1837 2330 definiamus,

462 2356 537 2395 est
551 2364 776 2413 persona
800 2365 913 2407 una,
939 2350 1076 2411 cujus
1100 2348 1343 2407 volumnae,
1368 2364 1427 2395 ex
1449 2348 1604 2411 pactis
1626 2347 1838 2410 plurium

461 2424 728 2482 hominum,
753 2439 843 2486 pro
869 2423 1120 2470 voluntate
1142 2423 1367 2471 habenda
1390 2431 1463 2471 est
1496 2423 1711 2486 ipsorum
1734 2439 1838 2470 om-

461 2500 613 2556 nium,
663 2507 720 2546 ut
759 2498 1061 2560 singulorum
1111 2499 1294 2546 viribus
1335 2505 1384 2545 et
1417 2497 1728 2545 facultatibus
1764 2498 1838 2545 uti

460 2574 611 2636 possit
633 2573 695 2620 ad
717 2589 887 2636 pacem
919 2580 967 2620 61
999 2573 1329 2620 defensionem
1353 2587 1672 2620 communem.

220 2660 298 2692 Quid
313 2659 422 2709 §itrer-
551 2656 624 2698 10.
663 2649 972 2712 Quamquam
1005 2657 1168 2696 autem
1211 2649 1388 2695 civitas
1428 2647 1584 2695 omnis
1611 2662 1837 2711 persona

219 2703 403 2731 ⁵⁰¹¹²²⁰¹v¹¹¹⁸'
463 2724 625 2771 civilis
657 2724 751 2779 sit3
787 2740 886 2771 non
909 2731 1088 2781 tamen,
1114 2739 1140 2770 e
1161 2738 1406 2780 converso,
1432 2722 1587 2769 omnis
1612 2737 1838 2785 persona

461 2799 624 2845 civilis
641 2806 714 2846 est
733 2799 925 2846 civitas.
962 2798 1090 2845 Fieri
1108 2798 1235 2844 enim
1257 2804 1420 2859 potest
1436 2803 1492 2843 ut
1514 2796 1642 2844 cives
1658 2796 1837 2859 plures,

459 2874 774 2936 permittente
798 2875 993 2922 civitate
1017 2890 1117 2933 sua,
1135 2879 1307 2920 coeant
1330 2873 1380 2919 in
1394 2888 1537 2920 unam
1549 2887 1836 2936 personam,
