2020 3262
440 241 542 285 204>
985 251 1268 286 numm-As.

181 380 308 416 SEcT.
329 381 398 415 111,
441 360 642 410 tumelia
657 380 676 416 ;
712 361 796 410 nbi
813 369 974 412 antem
998 370 1075 411 est
1092 362 1363 422 humilitas,
1389 361 1460 410 ibi
1478 369 1528 410 et
1546 362 1819 427 sapientia.

193 433 390 502 *fg-⁴,
439 437 567 485 Item
581 438 764 487 Isai.xl.
774 445 820 498 3,
836 443 889 487 4:
914 440 998 487 ubi
1015 439 1252 487 adventus
1267 438 1463 486 Messiae
1477 438 1819 498 annunciatur,-

438 528 528 576 pro
567 514 924 578 praeparatione
953 514 1018 562 ad
1052 530 1258 577 regnum
1292 514 1411 577 ejus,
1435 530 1530 561 vox
1565 513 1818 562 clamantis

438 588 491 636 in
524 588 732 648 deserto,
756 590 861 637 haee
885 596 959 638 est
980 608 991 636 ε
1028 589 1222 636 Parate
1255 588 1384 635 viam
1406 587 1625 647 Domini,
1649 594 1821 636 rectas

420 664 598 727 facite
626 665 677 713 in
713 665 984 713 solitudine
1021 665 1226 712 semitas
1260 664 1362 711 Dei
1397 665 1575 711 nostri.
1649 663 1824 712 Omnis.

440 738 590 787 vallis
609 739 934 798 exaltabitur,
954 745 1002 787 et
1018 739 1173 787 omnis
1198 755 1332 786 mons
1357 745 1407 786 et
1431 738 1578 786 collis
1592 737 1821 786 humilia-'-

441 814 590 863 bitar.
661 815 808 865 Quod
830 816 1010 878 absque
1035 815 1181 862 dubio
1204 831 1305 862 non
1329 814 1393 862 ad
1419 820 1626 872 montes,
1650 813 1736 862 sed
1757 813 1822 862 ad

440 889 661 938 homines
679 890 902 938 refertur.

158 973 386 1044 iffss’mss'ffi'ffus
515 971 589 1012 12.
626 965 871 1029 AEqaitas
895 972 1074 1023 autem,
1100 980 1246 1027 quam
1267 964 1539 1028 possuimus
1556 980 1687 1013 nono
1710 964 1822 1013 loco

160 1025 395 1088 affmodesfiaz'
443 1056 545 1088 esse
567 1040 727 1104 legem
749 1047 954 1099 naturae,
980 1056 1075 1103 qua
1097 1040 1359 1103 unicuique
1373 1040 1658 1103 praecipitur
1677 1046 1822 1088 caete-

441 1115 507 1163 ris
532 1115 701 1163 eadem
720 1117 832 1178 jura
854 1115 1154 1178 permittere,
1182 1131 1291 1177 quae
1314 1115 1405 1163 sibi
1428 1115 1646 1178 permitti
1670 1114 1823 1177 eupit,

442 1206 647 1254 quaeque
684 1197 884 1237 caeteras
919 1206 1085 1237 omnes
1120 1190 1250 1253 leges
1284 1190 1335 1237 in
1372 1206 1423 1237 se
1465 1190 1820 1252 complectitur,

442 1266 613 1313 eadem
647 1275 722 1312 est
768 1281 913 1328 quam
949 1272 998 1312 et
1035 1266 1196 1312 Moses
1232 1266 1386 1328 ponit,
1422 1265 1577 1313 Levit.
1601 1265 1698 1313 xix.
1730 1270 1820 1313 18:

440 1340 648 1404 Diliges
673 1340 879 1387 amicum
911 1347 1044 1387 tunm
1068 1340 1199 1388 sicul
1224 1340 1435 1404 teipsum
1450 1359 1468 1394 ;
1505 1347 1555 1387 et
1593 1341 1823 1388 Servator

441 1422 608 1463 noster
632 1431 870 1463 summam
893 1415 962 1462 ait
986 1431 1090 1463 esse
1113 1416 1233 1478 legis
1258 1416 1468 1474 moralis,
1494 1416 1670 1463 Matth.
1705 1415 1820 1463 xxii.

443 1496 617 1538 36-40:
643 1490 921 1554 ZVIagister,
941 1490 1076 1553 quod
1101 1497 1176 1537 est
1211 1491 1494 1538 mandatum
1515 1507 1743 1555 magnum
1771 1490 1822 1538 in

443 1565 557 1630 lege
578 1568 606 1612 ,9
657 1564 750 1612 Ait
796 1565 877 1611 illi
913 1563 1062 1612 Jesns
1079 1583 1095 1611 .·
1133 1565 1320 1628 diliges
1357 1565 1617 1613 Dominam
1662 1565 1823 1613 Deum

445 1647 591 1699 tuum,
610 1646 702 1687 ete.
723 1639 813 1687 hoe
832 1645 909 1686 est
927 1639 1186 1686 maximum
1205 1646 1255 1686 et
1274 1640 1494 1703 primam
1513 1640 1822 1698 mandatnm;

444 1715 706 1762 secundam
754 1721 915 1762 autem
954 1714 1116 1762 simile
1153 1721 1228 1761 est
1262 1715 1390 1771 haic,
1427 1715 1614 1780 diliges
1643 1716 1824 1780 proxi-

445 1807 570 1837 mum
585 1797 731 1849 tuam,
751 1790 882 1837 sieut
903 1790 1112 1854 teipsum
1127 1809 1143 1837 .·
1180 1791 1229 1837 in
1262 1790 1341 1837 liis
1366 1790 1553 1838 duobus
1574 1791 1826 1839 mandatis

444 1865 676 1912 universa
701 1865 783 1912 lem
798 1865 1005 1929 pendet,
1023 1872 1075 1912 et
1086 1865 1370 1930 proplietoe.
1421 1866 1637 1928 Diligere
1661 1873 1825 1914 autem

444 1941 719 2003 proximum
755 1941 879 1988 siout
914 1941 1140 2003 seipsum,
1176 1941 1296 1988 nihil
1328 1941 1461 1988 aliud
1484 1949 1573 1999 est,
1611 1957 1756 2004 quam
1779 1941 1824 1989 ei

445 2016 608 2063 omnia
629 2016 925 2078 permittere,
959 2032 1067 2078 quae
1102 2016 1462 2078 nobismetipsis
1498 2015 1825 2079 permittenda

445 2107 547 2139 esse
570 2091 885 2154 postulamus.

165 2173 429 2244 Ifemrdecilmaele-
517 2173 590 2214 13.
627 2168 757 2228 Lege
782 2166 970 2213 decima
992 2172 1184 2213 vetatur
1213 2166 1440 2231 acceptio
1463 2181 1794 2230 personarum
1803 2185 1821 2221 ,·

162 2220 429 2297 ἷέῃὲἶζζᾶῗὲἓῖ
446 2242 854 2305 quemadmodum
879 2241 1027 2288 etiam
1058 2241 1177 2289 locis
1210 2241 1535 2304 sequentibus.
1572 2240 1751 2288 Matth.
1774 2258 1822 2289 v.

163 2312 370 2341 9²¹⁵⁰¹¹⁸¹¹¹¹¹¹³
445 2323 525 2375 45,
560 2316 625 2364 Ut
639 2317 753 2363 sz'tis
752 2315 864 2377 filii
878 2315 1056 2362 Patris
1075 2316 1245 2374 vestri,
1266 2314 1503 2379 qnisaeit
1520 2314 1669 2361 solem
1686 2330 1824 2362 snum

446 2392 575 2439 oriri
597 2407 751 2456 super
762 2392 930 2453 justos
956 2397 1005 2437 et
1029 2390 1253 2453 injustos.
1291 2390 1474 2438 Coloss.
1499 2389 1565 2437 iii.
1597 2395 1648 2437 ll
1672 2407 1683 2436 ε
1708 2389 1823 2438 Non

446 2473 523 2514 est
546 2466 761 2515 Gentilis
779 2473 829 2513 et
845 2465 1076 2524 Jadoeus,
1095 2465 1361 2513 Barbarus
1379 2471 1428 2512 et
1442 2464 1824 2528 Scytha,servns

446 2549 496 2589 et
519 2542 648 2590 liber
663 2561 682 2597 ;
718 2541 812 2589 sed
827 2541 1004 2600 omnia,
1024 2547 1074 2588 et
1092 2541 1142 2588 in
1166 2539 1382 2588 omnibns
1410 2538 1652 2586 Christus.
1711 2539 1822 2587 Aet.

444 2635 491 2664 x.
518 2624 608 2665 34:
646 2617 707 2665 In
736 2616 954 2664 veritate
977 2616 1211 2680 comperi,
1244 2615 1363 2679 quia
1392 2630 1485 2661 non
1515 2620 1591 2660 est
1610 2630 1824 2678 person-

445 2709 586 2740 arum
610 2699 847 2756 acceptor
860 2692 1016 2739 Deus,
1053 2698 1082 2739 2
1108 2691 1392 2752 Paralipom.
1411 2689 1506 2736 xix.
1533 2691 1583 2742 7:
1620 2688 1734 2736 Non
1749 2695 1826 2737 est
1864 2735 1868 2738 .

446 2769 586 2832 apud
605 2768 863 2815 Dominum
885 2773 1104 2815 nostrum
1128 2765 1382 2830 iniqnitaS,
1413 2780 1568 2828 neque
1597 2764 1826 2828 acceptio

437 2859 784 2906 personarum.
820 2842 1294 2890 Ecclesiastio.xxxv.
1319 2845 1396 2888 15:
1422 2838 1660 2886 Dominus
1662 2839 1828 2901 jzcdex

2017 2347 2020 2351 Δ
2019 2335 2020 2338 „
2007 2130 2020 2328 ,ΛμΛ-ψΜ-’.μ
2014 2068 2020 2116 ⁴2³2„
