2020 3262
465 219 553 262 122
976 230 1046 263 DE
1074 230 1315 263 HOMINE.

209 361 337 392 sucvr,
361 361 410 393 11,
458 340 773 388 resuscitatus
809 341 886 399 sit,
911 349 1125 399 manent,
1149 342 1308 404 inquit
1344 342 1606 404 apostoluS,
1630 352 1835 406 peccata

295 412 343 442 ¹4·
457 421 643 463 nostra.

216 505 348 555 Nemnis
524 491 570 543 7.
608 490 730 538 Cum
754 507 870 554 ergo
894 491 1048 554 pietas
1084 498 1274 539 constet
1303 490 1415 549 fide,
1435 491 1627 553 justitia
1650 499 1699 540 et
1721 494 1834 542 cha-

214 551 424 627 ζξῖξῖἒζζῗῃι,
457 564 602 612 ritate
622 586 633 620 ;
683 566 873 628 justitia
917 564 1082 613 autem
1134 574 1183 614 et
1234 566 1443 613 charitas
1489 567 1694 615 virtutes
1739 569 1835 618 sint

456 641 661 687 morales
675 661 686 694 ;
706 657 804 687 non
819 657 1015 703 possum
1032 641 1089 688 iis
1105 642 1327 698 assentiri
1344 643 1426 704 qui
1441 658 1520 689 eas
1532 643 1836 705 appellarunt

458 715 710 777 splendida
732 723 948 778 peccata.
1020 717 1268 779 Siquidem
1289 717 1418 764 enim
1436 725 1637 780 peccata
1659 726 1834 776 essent,

458 797 639 852 quanto
665 791 771 853 quis
797 791 984 838 caeteris
1005 791 1283 839 hominibus
1308 793 1520 840 sanctior
1540 801 1680 849 esset,
1695 800 1834 842 tanto

384 908 388 911 .
457 865 527 912 illi
546 866 705 913 minus
724 867 857 914 credi
875 866 1087 925 deberet,
1109 874 1162 914 ut
1176 868 1336 915 minus
1349 868 1500 930 justo.
1538 868 1672 916 Quid
1688 867 1836 931 igitur

457 948 545 999 est,
572 942 703 1004 quod
728 942 831 989 Deo
854 943 905 988 in
928 942 985 989 iis
1010 942 1233 1005 displicet
1252 943 1334 1005 qui
1353 943 1594 1005 justitiam
1616 943 1833 991 faciunt?
1853 987 1858 994 ,

458 1016 693 1079 Displicet
714 1017 827 1075 fide,
864 1018 915 1064 id
938 1025 1025 1076 est,
1050 1019 1247 1081 pietatis
1272 1018 1482 1065 maxima
1504 1025 1643 1081 parte
1667 1034 1835 1066 caren-

458 1091 581 1139 tium
621 1093 878 1140 simulatio.
950 1094 1078 1140 Nam
1102 1094 1193 1140 etsi
1218 1109 1365 1156 opera
1388 1109 1557 1141 eorum
1593 1093 1836 1156 permulta

451 1167 584 1228 justa
599 1167 794 1225 fuerint,
819 1168 911 1230 ipsi
933 1175 1112 1224 tamen,
1132 1168 1214 1230 qui
1238 1184 1386 1231 opera
1404 1169 1538 1230 justa
1561 1176 1611 1216 et
1630 1169 1835 1216 eleemo-

457 1257 600 1304 synas
624 1242 811 1290 faciunt
835 1243 898 1290 ad
921 1243 1126 1305 gloriam
1150 1251 1341 1291 tantum
1359 1244 1436 1291 vel
1454 1243 1518 1290 ad
1535 1259 1650 1306 opes
1674 1244 1836 1306 acqui-

456 1317 631 1364 rendas
648 1318 726 1364 vel
744 1317 807 1364 ad
820 1333 1015 1380 poenam
1032 1318 1296 1376 vitandam,
1314 1319 1484 1381 injusti
1501 1326 1628 1366 sunt.
1666 1319 1834 1381 Itaque

458 1391 695 1439 sacrificia
718 1392 884 1454 populi
909 1392 982 1439 sui
1006 1392 1163 1440 odisse
1179 1393 1357 1440 dicitur
1375 1395 1522 1452 Deus,
1539 1410 1648 1456 quae
1671 1400 1835 1441 tamen

458 1482 570 1513 cum
593 1483 623 1513 a
645 1467 750 1514 Deo
782 1467 919 1529 jussa
941 1467 1138 1525 fuerint,
1161 1476 1364 1530 peccata
1395 1484 1498 1515 esse
1533 1484 1632 1516 non
1664 1477 1835 1531 potue-

456 1549 587 1589 runt.
659 1542 755 1589 Sed
802 1542 922 1600 Deo,
961 1543 1086 1589 sicut
1122 1559 1269 1605 opera
1299 1544 1431 1606 justa
1472 1544 1575 1591 sine
1615 1544 1725 1602 fide,
1766 1545 1837 1606 ita

457 1618 601 1664 etiam
629 1617 919 1664 sacrificium
956 1626 1006 1664 et
1042 1618 1200 1665 cultus
1236 1619 1391 1666 omnis
1427 1619 1529 1666 sine
1561 1619 1751 1682 justitia
1787 1626 1836 1667 et

459 1693 695 1740 charitate
719 1692 1016 1739 abominatio
1042 1699 1128 1739 est.
1622 1747 1624 1750 f

196 1770 414 1843 ξέᾞῑῗίὶῇἳζῑὶῒ-
526 1773 570 1815 8.
609 1768 779 1815 Colere
819 1767 1014 1830 proprie
1063 1767 1269 1814 dicimur
1309 1768 1431 1815 illud
1472 1768 1703 1832 quicquid
1748 1777 1836 1827 est,

458 1843 589 1904 quod
613 1842 780 1890 officiis
805 1849 855 1889 et
877 1843 1042 1890 labore
1066 1843 1315 1891 studemus
1340 1844 1480 1891 nobis
1503 1844 1662 1892 facere
1685 1860 1837 1907 quan-

457 1925 563 1966 tum
584 1934 839 1981 possumus
872 1919 1159 1966 beneficum.
1232 1919 1311 1966 Sic
1334 1926 1515 1966 terram
1538 1920 1753 1978 colimus,
1780 1927 1837 1967 ut

458 1993 664 2040 feracior
698 1993 837 2040 nobis
870 1993 965 2047 sit;
1001 1994 1222 2040 homines
1246 2001 1471 2056 potentes
1512 1995 1714 2042 colimus
1748 2010 1836 2056 po-

458 2068 626 2115 tentiae
659 2067 736 2114 vel
759 2068 971 2130 praesidii
995 2068 1196 2130 alicujus
1230 2069 1386 2115 nostri
1410 2085 1583 2124 causa;
1619 2069 1688 2116 sic
1714 2085 1830 2131 quo-

458 2159 550 2205 que
590 2143 749 2190 Deum
786 2143 1000 2201 colimus,
1031 2151 1088 2190 ut
1125 2159 1236 2190 eum
1273 2144 1536 2191 habeamus
1570 2143 1835 2207 propitium

456 2218 611 2266 nobis.
667 2219 753 2265 Est
777 2234 892 2281 ergo
914 2218 1071 2265 cultus
1096 2218 1285 2265 divinus
1308 2218 1414 2266 illas
1438 2219 1651 2266 actiones
1674 2235 1833 2282 agere,

457 2310 566 2356 quae
588 2294 783 2356 pietatis
809 2309 925 2355 erga
947 2294 1104 2340 Deum
1124 2294 1263 2356 signa
1287 2301 1414 2341 sunt.
1461 2294 1554 2341 Hae
1578 2294 1706 2341 enim
1731 2294 1835 2342 Deo

456 2377 610 2431 gratae
628 2377 756 2426 sunt,
782 2376 831 2416 et
854 2369 929 2415 his
953 2369 1066 2416 solis
1085 2369 1323 2432 propitius
1348 2370 1485 2417 nobis
1504 2369 1643 2416 reddi
1657 2376 1834 2432 potest.

458 2445 583 2491 Sunt
619 2451 779 2491 autem
819 2444 1033 2491 actiones
1065 2444 1160 2491 illae
1196 2444 1410 2506 ejusdem
1441 2444 1725 2507 plerumque
1754 2461 1836 2508 ge-

455 2520 584 2566 neris
626 2536 737 2566 cum
779 2519 872 2567 illis
908 2519 1198 2577 actionibus,
1237 2535 1355 2581 quas
1396 2520 1605 2566 facimus.
1640 2520 1835 2583 quando

456 2595 658 2642 colimus
680 2595 916 2652 homines,
934 2595 1019 2641 sed
1037 2595 1087 2641 in
1102 2610 1395 2657 unoquoque
1412 2611 1588 2657 genere
1608 2595 1834 2657 optimae;

455 2685 569 2716 nam
604 2669 741 2731 signa
775 2669 869 2716 alia
899 2670 1095 2732 pietatis
1130 2669 1417 2716 naturaliter
1453 2669 1709 2717 ostendere
1734 2687 1835 2718 non

455 2760 726 2806 possumus.
773 2744 1003 2791 Cultuum
1022 2753 1185 2792 autem
1209 2744 1329 2792 alius
1350 2751 1421 2791 est
1435 2745 1689 2808 privatus,
1714 2746 1834 2794 alius

453 2819 701 2881 publicus.
772 2820 990 2867 Privatus
1033 2826 1120 2877 est,
1165 2835 1307 2882 quem
1350 2819 1579 2867 exhibent
1615 2821 1835 2869 homines
