1968 3256
318 290 390 326 DE
417 289 557 325 Loco
586 287 814 324 omnen
840 286 1187 335 APPARENTE,
1214 290 1330 324 mc.
1457 282 1522 326 43

137 419 232 468 que
253 403 467 468 positum
491 404 569 463 sit,
593 403 722 451 linea
753 403 857 465 ejus
878 401 1075 449 visualis
1111 402 1182 449 ita
1204 403 1376 465 puncti
1398 403 1525 452 illius
1571 429 1704 464 SECT,
1726 429 1777 462 ῃ,

135 479 538 545 Perpendiculum
557 478 755 537 secabit,
778 484 834 525 ut
851 493 964 541 pars
981 477 1123 525 lineae
1141 478 1292 541 ipsius
1312 479 1524 538 visualis,

42 578 45 579 ⁷
135 555 410 620 intercepta
442 555 570 603 inter
602 553 1005 618 perpendiculum
1038 553 1223 601 dictum
1259 561 1308 601 et
1344 556 1526 620 speculi
1567 618 1570 619 ⁷

137 632 458 697 superficiem,
499 631 660 679 minor
699 630 762 678 sit
796 629 983 695 reliquo
1028 630 1363 696 perpendiculi
1414 630 1527 680 inde

136 725 292 773 usque
315 707 380 757 ad
402 707 585 772 speculi
609 710 865 755 centrum?

206 785 281 834 Sit
307 784 380 848 (in
401 785 484 849 fig.
506 783 558 846 3)
584 790 822 849 punctum
857 783 1038 846 objecti
1067 783 1128 842 A,
1154 789 1377 831 centrum
1418 799 1529 846 spe-

139 860 237 911 culi
278 861 335 920 B,
371 850 775 929 perpendiculum
818 860 996 924 objecti
1036 860 1082 907 A
1098 860 1152 918 C,
1178 860 1346 908 oculus
1381 859 1432 907 in
1467 860 1528 918 D,

33 990 35 995 ,
137 936 302 987 radius
338 931 557 985 incidens
594 937 655 984 ab
691 936 735 984 A
771 936 834 984 sit
865 936 974 995 AE,
1014 936 1224 984 reflexus
1263 935 1530 984 secundum

138 1013 342 1077 angulos
374 1012 600 1076 aequales,
639 1012 723 1076 qui
763 1019 838 1061 est
874 1012 1006 1061 idem
1044 1029 1156 1060 cum
1188 1011 1318 1060 linea
1340 1012 1529 1071 visuali,

26 1132 47 1147 ,,
138 1089 271 1145 ΠΕς
306 1088 550 1153 producta
585 1095 751 1136 autem
791 1089 853 1136 sit
887 1089 932 1137 D
950 1090 990 1137 E
1026 1089 1089 1136 ad
1120 1105 1379 1137 occursum
1420 1105 1532 1136 cum

45 1193 47 1195 -
137 1166 184 1215 Α
201 1166 242 1214 Β
265 1165 318 1214 in
341 1165 393 1213 F.
462 1165 587 1213 Dico
611 1166 651 1213 E
671 1165 709 1212 F
730 1165 971 1213 minorem
995 1180 1097 1213 esse
1123 1181 1271 1229 quam
1296 1165 1336 1212 B
1355 1166 1407 1213 F.

204 1242 428 1303 Ducatur
451 1241 492 1289 B
507 1242 563 1300 Ε,
589 1249 640 1290 et
661 1241 963 1305 producatur
984 1248 1234 1305 utcunque
1269 1241 1321 1290 in
1337 1242 1394 1301 G,
1419 1243 1530 1290 fiat-

137 1334 235 1383 que
257 1319 298 1366 E
319 1318 369 1366 H
392 1317 625 1382 parallela
658 1326 808 1368 rectae
827 1318 872 1366 A
887 1319 943 1366 Β.
1012 1319 1123 1366 Jam
1147 1319 1355 1382 angulus
1375 1320 1471 1367 GE
1488 1318 1533 1366 A

138 1395 339 1462 aequalis
374 1401 464 1454 est,
510 1400 713 1458 propter
753 1394 1084 1454 reflexionem,
1128 1395 1307 1458 angulo
1350 1396 1393 1443 G
1409 1396 1449 1442 E
1472 1396 1532 1453 Ι),

137 1472 234 1521 hoc
251 1478 326 1520 est
343 1471 523 1535 angulo
541 1472 579 1518 F
593 1472 633 1520 E
650 1471 705 1519 B.
732 1471 956 1535 Angulus
980 1479 1146 1519 autem
1163 1472 1203 1519 E
1224 1472 1264 1518 B
1280 1472 1318 1519 F
1337 1471 1534 1535 aequalis

139 1555 229 1609 est,
268 1556 473 1616 propter
517 1548 914 1612 parallelismum,
967 1548 1148 1611 angulo
1196 1547 1293 1596 GE
1313 1549 1396 1603 H;
1450 1548 1536 1596 sed

139 1624 349 1689 angulus
381 1624 547 1684 FEB,
582 1624 678 1672 hoc
726 1631 802 1672 est
842 1624 1003 1672 GEA
1036 1625 1193 1687 major
1233 1631 1307 1672 est
1357 1625 1536 1688 angulo

141 1701 185 1750 G
202 1701 243 1749 E
259 1701 309 1748 H
328 1721 340 1758 ;
367 1716 518 1764 quare
536 1701 744 1763 angulus
760 1701 844 1748 FE
856 1701 896 1747 B
917 1702 1074 1765 major
1098 1708 1171 1748 est
1186 1700 1366 1764 angulo
1385 1702 1537 1760 EBF,

141 1784 193 1825 et
235 1792 325 1840 per
367 1792 687 1840 consequens,
731 1776 858 1824 latus
906 1776 946 1823 B
965 1777 1004 1823 F
1033 1777 1190 1840 majus
1231 1777 1386 1825 latere
1427 1778 1464 1824 F
1481 1778 1536 1825 E.

142 1854 316 1918 Itaque
365 1853 497 1901 linea
548 1853 747 1901 visualis
792 1853 862 1901 ita
916 1852 1320 1916 perpendiculum
1360 1853 1539 1917 objecti

141 1929 314 1995 puncti
337 1935 486 1989 secat,
525 1935 618 1977 etc.
693 1929 841 1978 Quod
876 1935 981 1976 erat
1004 1929 1327 1992 probandum.
1398 1930 1538 1989 Item,

144 2022 243 2071 quo
267 2005 477 2070 angulus
512 2005 790 2054 reflexionis
813 2007 970 2070 major
995 2013 1082 2066 est,
1113 2023 1170 2055 eo
1190 2007 1319 2055 linea
1341 2007 1539 2056 visualis

142 2089 334 2147 partem
369 2081 710 2146 perpendiculi
755 2082 889 2130 intra
924 2082 1165 2146 sphaeram
1200 2083 1538 2148 interceptam,

10 2159 23 2220 ξ
143 2157 197 2206 id
242 2165 330 2216 est,
367 2158 801 2214 semidiametrum‚
837 2158 889 2206 in
923 2166 1087 2223 partes
1122 2160 1280 2224 magis
1322 2161 1452 2209 inter
1490 2178 1540 2209 se

143 2234 410 2301 inaequales
452 2235 643 2283 dividit.
714 2236 843 2284 Nam
878 2236 918 2284 si
965 2236 1028 2284 sit
1075 2236 1223 2284 ducta
1259 2237 1363 2295 AI,
1402 2239 1541 2301 cujus

13 2352 27 2378 Ρ
144 2312 327 2360 reflexa
341 2319 416 2360 est
441 2312 464 2360 I
486 2313 547 2372 K,
573 2312 642 2360 ita
658 2319 715 2360 ut
729 2312 936 2376 angulus
959 2313 1240 2362 reflexionis
1256 2314 1307 2361 in
1322 2315 1362 2361 E
1387 2314 1543 2377 major

8 2392 26 2458 ξ
146 2387 211 2436 sit
234 2404 381 2454 quam
413 2388 465 2436 in
490 2388 530 2447 Ι,
565 2388 810 2452 producta
833 2389 879 2436 K
896 2389 919 2436 I
945 2389 1129 2437 secabit
1166 2389 1204 2437 C
1221 2389 1261 2437 B
1298 2390 1491 2454 longius
1515 2407 1544 2438 a

7 2460 29 2501 ἢ·
147 2471 319 2514 centro
343 2465 385 2513 B
410 2481 560 2529 quam
590 2471 665 2513 est
688 2471 927 2529 punctum
951 2465 1003 2513 F.

22 2593 33 2604 Ρ
185 2546 261 2590 4.
297 2541 554 2601 Punctum,
579 2542 631 2589 in
670 2558 772 2629 quo
810 2541 1059 2590 evanescit
1097 2542 1307 2606 angulus
1336 2541 1543 2590 visorius
1560 2553 1627 2581 Pun
1607 2553 1799 2590 ncutmprin-

13 2605 27 2668 ζ’
79 2626 81 2628 ’
148 2619 487 2682 cujuscunque
521 2618 704 2682 objecti
727 2617 820 2666 visi
854 2633 943 2684 per
977 2618 1294 2666 reflexionem
1319 2635 1349 2666 a
1372 2635 1540 2683 super-
1560 2598 1779 2679 {¹9³an
1737 2642 1777 2669 cit

19 2695 25 2707 .
147 2695 259 2744 ficie
283 2695 468 2760 speculi
493 2695 732 2759 sphaerice
756 2710 990 2753 convexa,
1017 2694 1191 2743 dividit
1215 2696 1419 2759 sphaerae
1443 2696 1584 2756 siverl
1560 2685 1686 2762 ²¹3¹gs¹¹¹f1¹1⁸
1688 2695 1755 2766 ,pjc
1740 2694 1815 2757 {Tus

150 2771 336 2836 speculi
373 2770 791 2819 semidiametrum
832 2770 1073 2819 bifariam.
1163 2771 1238 2819 Sit
1277 2772 1348 2835 (in
1378 2773 1460 2837 fig.
1486 2772 1615 2836 4)⁰¹¹
1560 2826 1647 2844 eeeee
1646 2817 1657 2843 Ρ
1616 2773 1812 2844 ἰωῃῑθωῇζξ

150 2849 402 2913 speculum
425 2864 699 2896 convexum
723 2848 768 2895 A
787 2848 828 2895 B
844 2847 899 2907 C,
925 2849 1064 2911 cujus
1099 2855 1324 2896 centrum
1347 2849 1420 2905 D,
1457 2849 1544 2897 sit-
1560 2870 1650 2932 spffcu
1630 2860 1697 2888 ulie
1682 2869 1784 2897 οωιιιιι
1784 2869 1821 2887 1ae

153 2941 249 2990 que
288 2925 537 2990 objectum
576 2925 617 2973 E
633 2926 686 2985 F,
726 2931 776 2973 et
814 2924 867 2972 in
909 2940 967 2973 eo
1003 2931 1189 2989 puncta
1224 2904 1832 2987 E,H,I,K.1oi¹0¹1¹1'hrff1‘³rassliamss

1665 481 1681 498 ¹.

1662 492 1691 512 0.
