1982 3256
180 397 306 429 SECT.
329 398 376 430 11.

435 255 493 306 74
961 272 1029 304 DE
1057 270 1295 304 HOMINE.

501 383 545 425 8.
584 378 635 425 Si
658 378 708 425 in
732 379 915 427 visione
939 381 1124 428 directa
1154 381 1323 428 datum
1347 379 1410 426 sit
1431 386 1667 441 punctum
1694 395 1805 427 eva->

432 454 708 512 nescentiae,
733 455 926 502 dabitur
950 456 1096 503 etiam
1114 456 1247 502 locus
1267 470 1503 518 apparens
1522 455 1698 517 objecti
1712 455 1804 503 visi

432 544 519 591 per
543 529 787 591 dioptrum
807 531 1039 593 sphaerice
1064 547 1344 578 concavum.

501 605 574 652 Sit
615 606 685 667 (in
719 607 876 668 figura
910 607 1098 669 quinta)
1138 606 1382 668 dioptrum
1419 603 1651 667 sphaerice
1688 619 1804 651 con-

431 696 605 727 cavum
650 681 694 727 A
711 681 766 736 Β,
806 689 1028 728 centrum
1069 681 1238 728 retinae
1281 681 1333 738 C,
1382 680 1627 742 objectum
1671 678 1716 725 D
1731 678 1801 725 E:

431 762 762 819 punctumque
787 757 830 803 D
855 756 917 803 sit
934 757 984 803 in
1002 773 1091 804 axe
1111 757 1271 819 optico
1298 756 1336 802 C
1351 756 1388 801 F
1411 762 1605 802 secante
1622 761 1804 800 utram-

433 847 526 893 que
551 830 730 894 dioptri
754 832 1056 894 superficiem
1073 829 1535 893 perpendiculariter
1553 828 1613 886 in,
1628 829 1676 875 H
1692 834 1742 875 et
1756 829 1800 875 I:

431 906 587 968 sitque
610 913 846 968 punctum
870 907 906 952 F
928 913 1164 968 punctum
1188 903 1538 952 evanescentiae
1553 903 1604 949 in
1619 902 1804 950 visione

431 979 629 1027 directa.
699 981 916 1028 Ducatur
951 981 1112 1028 radius
1146 982 1185 1027 E
1202 980 1257 1038 G,
1295 979 1378 1042 qui
1407 980 1548 1041 juxta
1573 978 1704 1040 leges
1726 993 1803 1024 re-

428 1054 679 1102 fractionis
706 1055 1001 1118 refringatur
1025 1056 1086 1103 ad
1112 1057 1156 1102 K
1181 1064 1231 1102 et
1253 1054 1366 1102 inde
1395 1054 1457 1101 ad
1493 1053 1549 1100 C.
1620 1052 1803 1100 Produ-

430 1136 569 1176 catur
586 1131 782 1177 visualis
808 1131 845 1177 C
860 1132 903 1178 K
929 1131 1081 1178 donec
1102 1138 1326 1178 occurrat
1346 1130 1536 1192 objecto
1555 1128 1599 1175 D
1617 1129 1656 1175 E
1681 1128 1732 1175 in
1746 1128 1801 1186 L,

429 1211 479 1251 et
519 1211 666 1252 rectae
705 1206 747 1252 D
764 1206 803 1252 L
843 1213 1059 1253 sumatur
1093 1206 1322 1268 parallela
1358 1212 1407 1251 et
1443 1203 1639 1266 aequalis
1677 1203 1714 1250 C
1730 1203 1800 1250 M.

429 1279 647 1326 Ducatur
671 1280 845 1327 deinde
869 1281 922 1327 M
939 1282 989 1335 F,
1023 1297 1130 1343 quae
1156 1288 1286 1327 secet
1308 1279 1540 1326 visualem
1566 1278 1604 1325 C
1620 1279 1664 1325 K
1687 1294 1801 1341 pro-

429 1354 624 1401 ductam
649 1354 699 1401 in
725 1355 786 1401 N.
858 1356 1085 1403 Sumatur
1108 1370 1275 1402 rursus
1300 1354 1550 1417 quodlibet
1567 1353 1699 1400 aliud
1716 1353 1802 1400 ob-

423 1428 543 1490 J‘ecti
565 1435 801 1490 punctum
831 1430 888 1488 O,
925 1446 954 1476 a
977 1446 1074 1492 quo
1098 1430 1261 1476 radius
1297 1430 1338 1476 O
1355 1430 1391 1476 P
1425 1429 1721 1491 refringatur
1738 1428 1802 1475 ad

430 1504 491 1561 Q,
529 1510 577 1550 et
610 1519 774 1550 rursus
809 1504 871 1551 ad
906 1505 959 1562 C,
995 1511 1044 1551 et
1076 1504 1315 1567 producta
1350 1503 1413 1551 sit
1446 1503 1641 1551 visualis
1677 1503 1715 1550 C
1738 1503 1800 1561 Q,

429 1579 583 1626 donec
607 1587 831 1625 occurrat
855 1580 1044 1641 objecto
1074 1579 1116 1626 D
1132 1580 1171 1625 E
1196 1579 1246 1626 in
1270 1579 1328 1626 R.
1398 1578 1585 1625 Deinde
1609 1586 1803 1644 sumpta

430 1654 468 1700 C
489 1654 520 1700 S
545 1653 719 1716 aequali
736 1661 883 1701 rectae
906 1655 950 1701 D
967 1655 1025 1713 R,
1046 1654 1252 1701 ducatur
1277 1655 1309 1701 S
1326 1655 1362 1700 F
1386 1669 1553 1701 secans
1569 1654 1801 1701 visualem

429 1729 467 1775 C
482 1729 526 1775 R
546 1729 596 1775 in
618 1729 673 1776 T.
744 1729 904 1776 Ducta
923 1730 1117 1776 demum
1142 1730 1187 1776 N
1203 1730 1243 1777 T
1263 1737 1312 1776 et
1329 1729 1567 1792 producta
1580 1729 1643 1776 ad
1660 1745 1802 1776 axem

426 1803 477 1849 in
500 1803 558 1860 V,
585 1803 693 1850 dico
718 1811 952 1866 punctum
976 1805 1014 1850 E
1040 1804 1374 1867 appariturum
1397 1803 1446 1850 in
1471 1803 1534 1861 N,
1566 1809 1802 1866 punctum

428 1878 470 1925 O
495 1878 545 1924 in
568 1878 623 1935 T,
649 1885 698 1924 et
721 1886 881 1925 totum
905 1880 1148 1941 objectum
1173 1879 1216 1926 D
1232 1879 1271 1925 E
1296 1879 1346 1925 in
1371 1879 1417 1925 N
1432 1879 1490 1925 V.

494 1953 621 1999 Nam
641 1953 679 1999 si
703 1953 746 1999 D
763 1954 801 1999 L
825 1961 951 2000 esset
966 1954 1212 2016 objectum
1226 1954 1382 2000 visum
1396 1953 1580 2001 visione
1600 1953 1800 2012 directa,

427 2035 686 2090 appareret
700 2028 750 2073 in
765 2029 807 2073 V
824 2028 885 2074 N.
936 2029 1235 2091 Supponitur
1251 2029 1378 2075 enim
1394 2029 1431 2075 F
1446 2044 1549 2075 esse
1566 2036 1801 2091 punctum

427 2102 792 2160 evanescentiae,
813 2110 861 2149 et
885 2104 927 2150 D
944 2104 997 2162 L,
1024 2104 1076 2149 M
1095 2104 1131 2150 C
1157 2119 1259 2151 esse
1280 2103 1506 2166 aequalia3
1532 2110 1580 2150 et
1597 2103 1801 2166 proinde

425 2186 661 2239 punctum
686 2178 725 2223 L
747 2178 993 2225 videretur
1010 2179 1061 2225 in
1086 2179 1148 2236 N,
1175 2186 1223 2226 et
1246 2186 1479 2241 punctum
1499 2178 1542 2225 D
1561 2178 1612 2225 in
1634 2193 1723 2225 axe
1738 2178 1802 2226 ad

426 2261 661 2315 punctum
684 2252 741 2298 V.
814 2252 909 2299 Sed
933 2254 976 2300 D
993 2254 1032 2300 E
1056 2253 1211 2300 visum
1235 2269 1321 2316 per
1345 2253 1590 2316 dioptrum
1608 2252 1801 2300 videtur

427 2328 515 2374 sub
540 2327 710 2374 eodem
740 2328 917 2390 angulo
951 2329 1144 2386 visorio,
1180 2330 1268 2376 sub
1294 2345 1388 2392 quo
1413 2328 1590 2390 angulo
1608 2328 1801 2376 videtur

427 2403 526 2449 DL
549 2404 728 2465 absque
753 2403 960 2466 dioptro,
996 2412 1046 2451 et
1080 2413 1194 2452 sunt
1230 2405 1421 2466 objecta
1458 2404 1574 2461 DE,
1615 2403 1715 2451 DL
1749 2403 1799 2450 in

427 2479 596 2525 eadem
622 2480 680 2525 ab
706 2479 845 2525 oculo
866 2479 1123 2534 distantia;
1148 2479 1340 2527 videtur
1357 2479 1522 2541 itaque
1546 2478 1589 2525 D
1604 2478 1660 2537 E,
1685 2478 1729 2525 D
1745 2479 1799 2536 L,

425 2553 631 2600 alterum
676 2569 763 2616 per
804 2553 1064 2616 dioptrum,
1119 2555 1326 2602 alterum
1372 2553 1474 2601 sine
1515 2552 1707 2615 dioptro
1747 2553 1799 2600 in

425 2628 595 2675 eodem
618 2629 739 2675 loco.
812 2629 905 2675 Sed
931 2629 1032 2676 sine
1058 2629 1248 2692 dioptro
1267 2628 1457 2677 videtur
1480 2628 1524 2674 D
1539 2628 1579 2674 L
1601 2627 1652 2674 in
1666 2627 1710 2674 V
1725 2627 1798 2684 N;

425 2718 540 2765 ergo
582 2703 729 2750 etiam
767 2703 817 2750 in
850 2703 893 2749 V
910 2703 955 2750 N
987 2704 1231 2751 videbitur
1272 2704 1315 2750 D
1331 2704 1370 2750 E
1411 2718 1499 2766 per
1538 2701 1798 2765 dioptrum.

424 2777 607 2824 Eadem
643 2778 1013 2826 ratiocinatione
1046 2778 1315 2826 ostenditur
1350 2778 1393 2824 D
1410 2776 1452 2824 Ο
1487 2792 1718 2840 apparere
1746 2777 1798 2824 in

426 2851 551 2906 VT;
587 2869 699 2900 nam
741 2853 827 2900 CS
870 2854 1079 2901 sumitur
1114 2853 1309 2916 aequalis
1340 2859 1487 2900 rectae
1522 2852 1640 2910 DR,
1675 2852 1798 2899 exis-
