2020 3262
309 260 381 294 DE
409 260 603 294 cAUffls
632 257 935 293 01v1TATEM
958 257 1457 292 DlssonvENTlnus.
1496 249 1592 292 289

203 371 347 436 gibus
374 372 608 421 obstricta
643 371 722 430 sit,
745 384 845 418 non
885 368 1002 416 satis
1043 369 1318 431 argumenti
1350 379 1439 427 est,
1461 369 1592 432 quod

203 448 333 497 actio
369 448 490 511 legis
526 453 773 511 competat
807 445 901 493 civi
935 444 1167 492 adversus
1203 443 1464 491 civitatem.
1535 445 1593 491 In

192 523 518 582 contrarium,
548 530 686 587 patet
709 521 956 570 civitatem
980 519 1078 567 suis
1102 519 1253 582 ipsius
1277 519 1465 581 legibus
1496 536 1596 567 non

202 599 376 659 teneri,
409 599 524 663 quia
558 615 701 647 nemo
742 597 987 661 obligatur
1016 596 1123 644 sibi.
1193 595 1448 643 Ponuntur
1480 611 1596 658 ergo

201 674 336 738 leges
367 675 500 723 Titio
529 682 578 723 et
606 673 747 738 Cajo,
771 689 872 721 non
909 672 1129 720 civitati:
1165 679 1417 733 utcunque
1442 669 1598 717 ambi-

202 750 336 798 tione
359 749 819 814 -jurisconsultorum
849 747 1143 806 factumsit,
1162 754 1219 795 ut
1245 746 1378 810 leges
1406 762 1507 793 non
1536 746 1598 793 ab

145 859 148 862 -
201 826 502 874 authoritate
537 825 763 884 civitatis,
789 824 875 873 sed
913 825 975 873 ab
1013 841 1181 873 eorum
1215 823 1482 888 prudentia
1517 823 1599 871 de-

194 901 431 965 pendere,
455 901 691 966 imperitis
714 901 988 949 videantur.

270 984 316 1026 5.
352 977 554 1036 Quinta,
579 976 839 1041 imperium
858 992 1090 1024 summum
1113 976 1275 1025 dividi
1302 991 1474 1041 posse,
1500 975 1600 1022 exi·-

189 1052 460 1101 'tiosissima
477 1052 757 1101 civitatibus
776 1051 1002 1100 doctrina
1017 1059 1104 1100 est.
1154 1052 1254 1100 Alii
1272 1060 1439 1099 autem
1455 1051 1599 1099 aliter

201 1127 442 1176 dividunt.
513 1129 639 1176 Sunt
665 1127 794 1176 enim
820 1128 904 1192 qui
921 1128 990 1176 ita
1015 1127 1256 1187 dividunt,
1275 1135 1332 1176 ut
1355 1144 1599 1176 summum

201 1203 460 1267 imperium
483 1203 534 1251 in
557 1203 616 1251 iis
649 1204 812 1262 rebus,
839 1219 947 1267 quae
976 1203 1039 1251 ad
1070 1220 1241 1267 pacem
1267 1211 1317 1252 et
1341 1204 1600 1253 commoda

200 1279 347 1344 hujus
369 1279 485 1328 vitae
508 1279 773 1343 pertinent,
797 1280 1033 1342 potestati
1056 1280 1187 1333 civili
1211 1280 1513 1336 concedant3
1546 1281 1597 1328 in

199 1354 259 1403 iis
277 1371 409 1414 vero,
435 1371 545 1419 quae
582 1355 646 1403 ad
677 1355 886 1403 salutem
922 1356 1097 1404 animae
1127 1366 1366 1420 spectant,
1402 1356 1453 1403 in
1477 1356 1596 1404 alios

197 1430 511 1479 transferant.
583 1431 838 1495 Contingit
862 1440 1043 1491 autem,
1068 1432 1183 1496 quia
1214 1432 1410 1496 justitia
1432 1432 1496 1479 ad
1518 1447 1574 1480 sa

198 1505 354 1554 lutem
389 1507 599 1555 maxime
636 1507 854 1555 omnium
896 1523 1062 1556 rerum
1100 1509 1377 1556 necessaria
1414 1516 1508 1567 est,
1524 1515 1581 1556 ut

198 1582 330 1631 cives
368 1582 609 1646 justitiam
651 1583 925 1641 metientes,
964 1599 1064 1631 non
1105 1584 1230 1631 sicut
1270 1584 1467 1642 debent,
1507 1600 1596 1647 per

175 1681 177 1683 ·
199 1658 332 1723 leges
369 1659 550 1718 civiles,
575 1659 662 1707 sed
698 1674 786 1722 per
821 1659 1054 1707 mandata
1078 1667 1128 1708 et
1152 1659 1400 1708 doctrinas
1424 1676 1594 1709 eorum

197 1735 284 1798 qui
324 1741 550 1798 respectu
581 1735 793 1783 civitatis
819 1735 894 1782 vel
923 1735 1102 1798 privati
1139 1744 1254 1784 sunt
1276 1736 1355 1784 vel
1389 1737 1592 1795 externi,

198 1810 538 1875 superstitioso
556 1818 693 1858 metu
711 1810 1038 1859 obedientiam
1055 1811 1358 1875 principibus
1378 1812 1590 1860 debitam

198 1892 432 1950 pr'aestare
463 1886 653 1942 nolint3
690 1887 796 1950 ipso
837 1894 973 1935 metu
1006 1888 1058 1935 in
1093 1887 1160 1946 id,
1182 1886 1314 1951 quod
1350 1895 1590 1946 metuunt,

199 1962 486 2011 incidentes.
557 1962 690 2011 Quid
725 1969 890 2010 autem
926 1963 1246 2026 perniciosius
1278 1961 1464 2011 civitati
1489 1960 1591 2011 esSe

197 2045 376 2102 potest,
393 2054 538 2102 quam
553 2046 608 2086 ut
634 2038 855 2086 homines
879 2055 940 2087 ne
964 2040 1283 2103 principibus,
1302 2039 1396 2087 hoc
1421 2047 1510 2098 est,
1530 2056 1591 2088 ne

196 2114 388 2178 legibus
411 2113 660 2172 obediant,
680 2130 780 2172 seu,
805 2131 867 2162 ne
881 2115 1002 2178 justi
1025 2115 1138 2174 sint,
1162 2124 1457 2163 aeternorum
1481 2132 1590 2164 cru-

195 2188 412 2238 ciatuum
446 2189 773 2238 intentatione
797 2190 1160 2239 deterreantur?
1189 2193 1315 2240 Sunt
1339 2193 1487 2240 etiam
1506 2192 1590 2256 qui

197 2281 442 2314 summum
457 2265 716 2328 imperium
730 2266 802 2314 ita
817 2266 1056 2326 dividunt,
1070 2275 1127 2316 ut
1150 2275 1444 2332 potestatem
1459 2284 1590 2316 sum-

198 2357 329 2389 mam
342 2341 459 2390 belli
478 2350 528 2389 et
542 2341 676 2405 pacis
690 2342 791 2402 uni,
809 2359 953 2406 quem
968 2344 1284 2392 monarcham
1302 2351 1494 2402 vocant,
1504 2344 1590 2391 sed

197 2417 457 2481 pecuniam
480 2417 754 2481 imperandi
779 2419 860 2482 jus
884 2435 984 2467 non
1008 2419 1094 2479 illi,
1115 2420 1202 2468 sed
1219 2420 1325 2468 aliis
1348 2420 1586 2468 tribuunt.

201 2492 448 2542 Quoniam
466 2501 633 2541 autem
648 2501 698 2541 et
710 2494 826 2542 belli
843 2502 894 2543 et
908 2495 1042 2559 pacis
1057 2496 1194 2543 nervi
1212 2504 1327 2543 sunt
1350 2495 1587 2559 pecuniae,

199 2568 283 2632 q'ui
315 2569 384 2617 sic
409 2569 652 2628 dividunt,
684 2578 770 2618 aut
801 2587 899 2618 non
931 2587 1030 2619 rem
1058 2571 1212 2635 ipsam
1237 2571 1477 2629 dividunt,
1503 2572 1588 2619 sed

196 2644 456 2709 imperium
473 2646 671 2709 quidem
694 2646 788 2694 illis
807 2646 942 2706 dant,
958 2647 1009 2695 in
1029 2664 1237 2711 quorum
1251 2655 1493 2711 potestate
1513 2655 1588 2695 est

197 2721 419 2783 pecunia,
427 2737 605 2770 nomen
613 2738 728 2770 vero
745 2722 908 2778 alteri;
927 2723 1020 2783 vel,
1029 2724 1068 2771 si
1087 2723 1327 2782 dividunt,
1338 2724 1587 2772 civitatem

199 2794 485 2845 dissolvunt.
530 2797 703 2862 Neque
737 2798 866 2846 enim
895 2798 1092 2858 bellum,
1118 2800 1158 2847 si
1190 2816 1311 2863 opus
1343 2806 1433 2857 est,
1463 2800 1583 2863 geri,

197 2885 355 2934 neque
371 2888 465 2935 pax
479 2873 674 2936 publica
689 2874 791 2922 sine
815 2875 1022 2938 pecunia
1038 2875 1317 2923 conservari
1341 2882 1516 2938 potest.

332 2962 455 2996 VOL.
483 2963 543 2997 11.
1413 2967 1449 2999 U

1632 392 1761 424 SECT.
1790 393 1858 425 111.

1724 444 1773 473 12.

1619 986 1779 1023 Imperium

1616 1039 1681 1057 sum
1687 1039 1765 1057 mum

1616 1082 1700 1110 posse
1714 1073 1804 1101 dividi

1616 1117 1752 1145 seditiosa
1765 1117 1862 1154 opinio
