2020 3262
369 245 441 279 DE
469 245 659 279 REGNo
686 242 782 277 Dm
809 242 916 276 PER
945 242 1168 276 PACTUM
1195 243 1392 277 VETUS.
1486 235 1576 277 351

185 354 371 406 minem
395 373 501 406 esse
525 371 806 420 supremum
833 370 1019 418 regem,
1044 355 1128 417 qui
1153 355 1329 403 absens
1353 365 1586 420 regnaret

186 451 278 500 per
295 450 584 499 proregem;
621 440 797 482 contra
820 447 968 496 quem
987 439 1253 495 peccarent
1277 433 1476 495 quidem
1499 434 1585 492 illi,

187 510 272 574 qui
306 510 506 574 proregi
538 525 639 557 non
667 507 924 557 obedirent
956 507 1008 555 in
1038 506 1280 566 omnibus,
1306 516 1511 571 excepto
1547 509 1588 556 si

187 602 397 650 regnum
414 586 507 634 sibi
524 585 618 649 ipsi
635 590 904 647 arrogaret,
922 583 1001 631 vel
1025 582 1108 630 alii
1127 582 1324 630 tradere
1346 584 1557 631 voluerit
1574 606 1586 638 ;

188 661 259 710 illi
282 677 400 710 vero
435 661 519 724 qui
554 661 626 709 ita
654 659 878 708 absolute
902 658 1062 707 eidem
1086 659 1361 716 obedirent,
1385 667 1443 707 ut
1467 660 1588 708 illud

189 754 290 786 non
313 737 613 802 exciperent,
637 736 709 785 rei
732 736 1004 800 majestatis
1030 735 1329 784 dicerentur.

699 1007 917 1056 CAPUT
950 1006 1086 1055 XVI.

449 1122 511 1155 DE
537 1123 698 1155 REGNO
722 1123 809 1156 DEI
835 1123 929 1155 PER
953 1122 1146 1156 PACTUM
1172 1122 1339 1155 VETUS.

196 1211 230 1247 l.
259 1207 401 1246 Veram
431 1207 668 1258 religionem,
698 1209 967 1259 superstitione
986 1214 1136 1247 exteras
1167 1210 1341 1246 nationes
1367 1215 1593 1260 occupante,

245 1269 410 1307 instituit
426 1268 537 1307 Deus
554 1282 623 1319 per
637 1270 918 1308 Abrahamum.
970 1274 1007 1309 2.
1036 1271 1156 1308 Paeto
1176 1271 1275 1308 inter
1287 1270 1417 1308 Deum
1431 1277 1470 1309 et
1487 1271 1593 1309 Ada-

245 1343 352 1368 mum
371 1331 566 1381 prohibita
583 1336 641 1369 est
659 1331 868 1382 disputatio
883 1333 1129 1371 demandatis
1144 1333 1398 1382 superiorum.
1425 1336 1462 1372 3.
1484 1333 1593 1371 Pacti

246 1391 347 1429 inter
373 1390 504 1430 Deum
535 1396 574 1430 et
591 1391 862 1431 Abrahamum
889 1393 1068 1431 formula.
1123 1397 1160 1432 4.
1189 1394 1236 1431 In
1254 1400 1369 1444 pacto
1387 1394 1453 1431 illo
1473 1395 1594 1431 conti-

247 1458 361 1491 netur
378 1453 525 1504 agnitio
544 1453 622 1491 Dei
640 1467 718 1492 non
737 1455 971 1505 simpliciter,
991 1455 1058 1492 sed
1088 1455 1169 1506 ejus
1188 1455 1255 1505 qui
1273 1457 1450 1505 apparuit
1470 1455 1595 1493 Abra-

246 1514 374 1552 hamo.
427 1516 465 1554 5.
506 1514 645 1565 Leges,
683 1516 824 1566 quibus
862 1516 1108 1554 Abrahamus
1143 1517 1360 1562 tenebatur,
1397 1517 1481 1554 aliae
1517 1529 1595 1554 non

246 1580 358 1614 erant
375 1580 517 1626 praeter
534 1575 638 1626 leges
657 1581 815 1622 naturae,
834 1582 874 1614 et
891 1577 1017 1627 legem
1035 1578 1349 1615 circumcisionis.
1403 1580 1442 1616 6.
1469 1578 1596 1615 Abra-

249 1637 386 1675 hamus
404 1637 513 1675 verbi
542 1637 619 1675 Dei
635 1642 674 1675 et
702 1638 832 1688 legum
860 1639 1034 1676 omnium
1059 1639 1162 1689 apud
1189 1651 1278 1676 suos
1297 1639 1484 1689 interpres
1502 1644 1595 1677 erat.

246 1700 287 1741 7.
317 1699 470 1738 Subditi
500 1700 715 1737 Abrahami
742 1712 904 1749 peccare
935 1712 1012 1737 non
1041 1705 1251 1750 potuerunt
1277 1700 1350 1750 ipsi
1368 1701 1596 1738 obediendo.

248 1763 288 1799 8.
316 1760 480 1799 Pactum
510 1760 588 1799 Dei
614 1774 703 1799 cum
731 1761 874 1811 populo
901 1760 1076 1799 Hebraeo
1107 1762 1158 1799 ad
1189 1767 1359 1799 montem
1389 1762 1506 1800 Sinai.
1560 1765 1598 1802 9.

251 1821 349 1860 Inde
377 1822 549 1873 regimen
579 1822 658 1860 Dei
690 1835 830 1860 nomen
859 1823 969 1873 regni
996 1823 1175 1861 sortitum
1194 1828 1263 1861 est.
1320 1826 1381 1863 10.
1410 1824 1598 1866 Quaenam

249 1884 355 1935 leges
371 1883 398 1923 J
402 1884 521 1922 udaeis
538 1896 562 1921 a
580 1883 668 1922 Deo
685 1885 875 1934 impositae
898 1885 986 1922 sint.
1043 1887 1103 1923 11.
1134 1885 1240 1927 Quid
1257 1885 1316 1930 sit,
1336 1890 1376 1922 et
1404 1886 1600 1935 quomodo

251 1945 566 1996 cognoscendum
585 1946 747 1983 verbum
758 1945 847 1983 Dei.
894 1948 955 1984 12.
983 1946 1190 1988 Quodnam
1207 1946 1325 1984 fuerit
1343 1948 1505 1985 verbum
1523 1947 1600 1985 Dei

251 2008 439 2057 scriptum
457 2007 561 2057 apud
579 2007 748 2046 JudaeOS.
805 2010 867 2047 13.
895 2007 1131 2045 Potestatem
1148 2008 1424 2058 interpretandi
1437 2010 1600 2047 verbum

254 2068 344 2114 Dei,
359 2074 399 2106 et
415 2081 603 2106 summam
622 2073 851 2118 potestatem
869 2068 1022 2106 civilem
1040 2068 1263 2119 conjunctas
1283 2069 1399 2108 fuisse
1413 2071 1452 2108 in
1472 2070 1600 2115 Mose,

250 2130 347 2168 dum
366 2131 523 2168 viveret.
578 2133 640 2169 14.
669 2130 835 2168 Easdem
854 2130 1077 2181 conjunctas
1096 2130 1213 2169 fuisse
1239 2131 1279 2168 in
1298 2145 1448 2170 summo
1476 2145 1599 2171 sacer-

253 2192 356 2238 dote,
374 2193 528 2230 vivente
546 2192 678 2231 Josua.
731 2195 793 2232 15.
821 2191 988 2230 Easdem
1014 2192 1238 2244 conjunctas
1257 2193 1374 2232 fuisse
1391 2195 1431 2231 in
1450 2207 1601 2233 summo

252 2254 452 2293 sacerdote
478 2267 601 2305 usque
629 2254 679 2293 ad
712 2255 867 2293 Saulem
898 2268 1042 2305 regem.
1101 2258 1162 2295 16.
1192 2254 1359 2294 Easdem
1378 2256 1602 2307 conjunctas

256 2316 373 2355 fuisse
391 2317 431 2355 in
450 2317 606 2368 regibus
625 2330 748 2368 usque
766 2317 815 2355 ad
834 2318 1107 2367 captivitatem.
1156 2318 1217 2358 17.
1247 2317 1413 2356 Easdem
1427 2317 1544 2356 fuisse
1562 2319 1601 2355 in

253 2379 518 2418 sacerdotibus
550 2385 637 2429 post
668 2380 942 2429 captivitatem.
1000 2382 1063 2418 18.
1093 2379 1213 2429 Apud
1243 2379 1413 2425 Judaeos,
1447 2381 1602 2431 negatio

253 2441 506 2491 providentiae
525 2441 665 2478 divinae
684 2447 723 2479 et
749 2441 964 2479 idololatria
980 2442 1061 2479 sola
1078 2447 1188 2479 erant
1206 2441 1367 2479 crimina
1394 2442 1494 2480 laesae
1523 2455 1603 2480 ma-

248 2502 399 2554 jestatis
423 2503 586 2548 divinae;
621 2503 661 2540 in
693 2504 841 2541 caeteris
873 2504 1063 2550 omnibus,
1094 2503 1333 2553 principibus
1361 2505 1439 2542 suis
1469 2518 1603 2555 parere

256 2565 463 2603 debebant.

209 2649 253 2692 1.
290 2643 489 2691 ΗΑΒΕΤ
529 2643 626 2691 hoc
665 2642 936 2691 humanum
958 2658 1131 2707 genuS,
1168 2643 1230 2690 ab
1254 2643 1604 2695 imbecillitatis
1647 2662 1776 2693 sacr.
1797 2660 1865 2693 111.

202 2719 416 2784 propriae
441 2718 743 2768 conscientia
761 2725 811 2767 et
834 2718 1157 2767 admiratione
1177 2727 1443 2768 eventuum
1465 2730 1605 2770 natu·
1659 2712 1850 2783 »ἐξ-κ

205 2795 397 2855 ralium,
429 2804 487 2845 ut
523 2795 743 2860 plerique
785 2795 990 2843 credant
1027 2811 1130 2843 esse
1177 2796 1397 2844 omnium
1441 2813 1606 2846 rerum
1624 2806 1685 2878 VJ
1654 2815 1762 2834 ertum
1763 2805 1860 2877 :sigito-

205 2871 470 2921 visibilium
493 2873 720 2937 opificem
743 2871 1038 2920 invisibilem
1062 2871 1251 2928 Deum3
1288 2889 1435 2937 quem
1458 2875 1607 2924 etiam
1624 2860 1676 2922 11⁰1
1665 2858 1854 2922 ’Ῡὲἶεὲωἷῖζ
