2020 3262
450 271 546 315 266
980 285 1284 320 IMPERIUM.

187 413 314 447 SECT.
332 414 401 448 111.
450 393 776 453 commodum,
808 411 903 458 pax
940 402 990 443 et
1021 396 1253 456 defensio,
1283 395 1414 443 idem
1449 394 1702 458 utriusque
1738 403 1824 446 est.

204 509 209 520 .
275 466 323 496 ¹⁰·
387 512 392 520 ‚
448 469 577 516 Nam
600 476 649 517 et
670 469 711 517 is
736 470 819 533 qui
841 470 1062 534 imperat,
1088 479 1137 519 et
1159 471 1198 518 is
1223 470 1301 517 cui
1323 470 1606 532 imperatur,
1630 469 1694 517 ad
1713 471 1828 519 vitae

448 559 549 592 suae
573 544 903 593 defensionem
924 546 1106 594 viribus
1128 547 1285 594 utitur
1308 545 1450 593 simul
1473 545 1690 593 omnium
1711 561 1829 594 con-

447 619 640 669 civium.
708 621 772 668 Et
806 622 1018 669 maximo
1054 621 1379 680 incommodo,
1405 620 1536 684 quod
1558 621 1609 668 in
1632 621 1828 670 civitate

447 695 730 758 contingere
765 703 941 758 potest,
974 696 1202 743 nimirum
1238 695 1371 743 caede
1406 696 1598 754 civium,
1634 711 1744 759 quae
1765 696 1830 745 ab

446 770 676 817 anarchia
694 771 865 829 oritur,
885 777 934 818 et
956 771 996 818 is
1020 771 1103 834 qui
1126 787 1368 818 summum
1384 770 1642 833 imperium
1663 770 1827 831 habet,

445 853 497 892 et
520 846 723 909 quilibet
753 862 877 893 unus
909 846 1088 894 civium
1117 862 1254 909 aeque
1279 846 1516 893 obruitur.
1587 845 1828 905 Secundo,

445 920 564 979 siis,
602 921 685 983 qui
721 937 963 968 summum
998 921 1256 984 imperium
1292 921 1494 980 obtinet,
1510 921 1829 983 pecuniarum

442 1002 636 1043 tantum
675 1013 705 1044 a
742 997 927 1044 civibus
952 997 1183 1060 exegerit,
1207 1003 1263 1044 ut
1299 1013 1350 1044 se
1387 1004 1438 1044 et
1474 996 1682 1044 familias
1717 1012 1828 1045 suas

442 1071 571 1118 alere
611 1079 661 1119 et
699 1072 825 1119 vires
863 1088 1121 1135 corporum
1157 1087 1357 1120 suorum
1402 1087 1688 1119 conservare
1726 1087 1828 1119 non

442 1146 645 1208 possint,
660 1147 1025 1194 incommodum
1047 1163 1148 1195 non
1171 1147 1326 1210 magis
1349 1146 1545 1194 illorum
1576 1153 1650 1194 est
1680 1162 1828 1209 quam

441 1221 742 1284 imperantis,
761 1223 844 1285 qui
868 1222 1252 1285 quantiscunque
1277 1222 1458 1270 divitiis
1482 1222 1585 1269 sine
1610 1221 1828 1285 corpori-

440 1296 532 1344 bus
556 1297 734 1344 civium
757 1297 1012 1360 imperium
1032 1312 1173 1345 suum
1190 1304 1240 1345 et
1258 1297 1452 1345 divitias
1474 1297 1603 1344 tueri
1623 1312 1724 1344 non
1739 1313 1826 1360 po-

440 1378 553 1419 test.
624 1372 676 1419 Si
692 1388 807 1419 vero
830 1379 1024 1420 tantum
1041 1373 1260 1436 exegerit
1290 1379 1527 1436 quantum
1551 1372 1614 1420 ad.
1635 1371 1827 1435 imperii

441 1446 915 1495 administrationem
937 1448 1128 1506 sufficit,
1162 1447 1215 1494 id
1237 1447 1547 1494 commodum
1581 1462 1720 1510 aeque
1752 1455 1827 1496 est

441 1529 492 1569 et
514 1522 608 1584 ipsi
630 1529 680 1569 et
703 1521 887 1569 civibus
905 1521 969 1569 ad
992 1538 1299 1569 communem
1320 1538 1492 1585 pacem
1516 1529 1567 1569 et
1589 1521 1827 1571 defensio-

439 1613 567 1645 nem.
650 1597 823 1660 Neque
862 1597 1173 1660 imaginabile
1218 1605 1307 1656 est,
1355 1597 1599 1660 quomodo
1645 1597 1827 1646 divitiae

429 1672 654 1738 publicoe
678 1672 863 1720 civibus
885 1672 1113 1737 privatis
1135 1672 1445 1720 incommodo
1481 1688 1587 1720 esse
1620 1673 1824 1735 possint,

438 1748 585 1796 modo
599 1748 778 1812 privati
794 1764 895 1795 non
909 1747 981 1795 ita
995 1748 1423 1807 exhauriantur‚ut
1435 1762 1523 1810 per
1535 1746 1826 1796 industriam

439 1839 576 1872 suam
607 1824 881 1871 necessaria
903 1823 968 1871 ad
995 1824 1213 1887 corporis
1237 1829 1287 1871 et
1309 1823 1459 1870 animi
1480 1823 1606 1870 vires
1638 1829 1825 1871 susten—

437 1900 613 1948 tandas
637 1900 890 1963 acquirere
915 1900 979 1947 sit
1002 1899 1312 1962 impossibile.
1399 1898 1528 1946 Nam
1551 1898 1620 1946 sic
1643 1898 1827 1947 incom-

438 1975 638 2023 modum
677 1983 727 2023 et
758 1975 822 2024 ad
861 1976 1020 2039 ipsum
1055 1975 1379 2039 imperantem
1413 1974 1694 2037 pertineret,
1734 1989 1825 2022 nec

438 2051 651 2098 oriretur
667 2051 729 2098 ab
752 2050 1064 2098 institutione
1083 2050 1160 2097 vel
1179 2049 1486 2097 ordinatione
1499 2064 1676 2112 prava;
1712 2047 1826 2111 quia

438 2126 490 2173 in
514 2126 647 2173 omni
669 2141 847 2188 genere
866 2124 1088 2183 civitatiS,
1115 2124 1243 2172 cives
1262 2123 1470 2187 opprimi
1483 2130 1714 2186 possunt3
1739 2122 1824 2170 sed

438 2217 468 2248 a
489 2201 614 2248 bene
638 2200 876 2248 ordinatae
900 2199 1108 2247 civitatis
1142 2215 1294 2262 prava
1316 2197 1755 2247 administratione.

157 2285 373 2335 Commenssutio
505 2283 551 2324 3.
590 2275 736 2325 Quod
759 2282 922 2323 autem
947 2275 1186 2323 dictarum
1210 2275 1482 2338 specierum
1495 2272 1720 2332 civitatiS‚
1737 2272 1822 2320 de-

155 2329 338 2358 mmmh'ae'
436 2351 694 2399 mocratz'oe
712 2357 763 2399 et
786 2351 1129 2398 aristocratioe
1154 2357 1204 2398 et
1221 2349 1530 2408 monarchiae,
1554 2348 1738 2412 optima
1758 2348 1823 2396 sit

436 2426 741 2486 monarchia,
766 2442 826 2473 ex
863 2427 1227 2489 comparatione
1262 2424 1626 2473 commodorum
1662 2429 1712 2470 et
1749 2423 1823 2471 in-

436 2502 804 2550 commodorum
840 2502 892 2549 in
928 2502 1130 2566 singulis
1155 2500 1510 2550 ostendendum
1538 2505 1627 2546 est.
1697 2498 1821 2546 Haec

436 2578 601 2641 igitur,
644 2578 775 2640 quod
798 2577 1074 2625 universam
1097 2578 1157 2624 ab
1188 2592 1281 2624 uno
1304 2575 1414 2622 Deo
1437 2573 1651 2637 regitur3
1689 2573 1821 2635 quod

435 2654 632 2718 antiqui
672 2661 852 2702 statum
875 2653 1236 2701 monarchiam
1260 2650 1447 2700 caeteris
1482 2647 1819 2712 praetulerunt,

436 2729 653 2792 regimen
669 2729 887 2777 Deorum
903 2729 989 2776 uni
1012 2727 1126 2776 Jovz'
1144 2727 1471 2775 adscribentes
1487 2745 1499 2780 ;
1537 2723 1667 2787 quod
1688 2723 1821 2786 prin-

437 2805 563 2867 cipio
601 2821 764 2853 rerum
803 2805 1154 2867 nationumque
1183 2801 1382 2851 arbitria
1416 2799 1692 2863 principum
1727 2813 1819 2861 pro

435 2879 621 2941 legibus
645 2880 858 2936 fuerint;
895 2879 1026 2941 quod
1056 2878 1310 2941 imperium
1325 2881 1595 2940 paternum
1625 2871 1820 2924 institua
