<?xml version="1.0" encoding="UTF-8"?>
<!DOCTYPE html PUBLIC "-//W3C//DTD XHTML 1.0 Transitional//EN"
    "http://www.w3.org/TR/xhtml1/DTD/xhtml1-transitional.dtd">
<html xmlns="http://www.w3.org/1999/xhtml" xml:lang="en" lang="en">
 <head>
  <title>
</title>
<meta http-equiv="Content-Type" content="text/html;charset=utf-8" />
  <meta name='ocr-system' content='tesseract 3.04.00' />
  <meta name='ocr-capabilities' content='ocr_page ocr_carea ocr_par ocr_line ocrx_word'/>
</head>
<body>
  <div class='ocr_page' id='page_1' title='image "./operaphilosophic02hobbuoft_0046.png"; bbox 0 0 1968 3256; ppageno 0'>
   <div class='ocr_carea' id='block_1_1' title="bbox 431 247 1285 295">
    <p class='ocr_par' dir='ltr' id='par_1_1' title="bbox 431 247 1285 295">
     <span class='ocr_line' id='line_1_1' title="bbox 431 247 1285 295; baseline 0.007 -6"><span class='ocrx_word' id='word_1_1' title='bbox 431 247 492 290; x_wconf 86' lang='lat'>32</span> <span class='ocrx_word' id='word_1_2' title='bbox 947 259 1018 293; x_wconf 84' lang='lat' dir='ltr'>DE</span> <span class='ocrx_word' id='word_1_3' title='bbox 1046 260 1285 295; x_wconf 84' lang='lat' dir='ltr'><strong>HOMINE.</strong></span> 
     </span>
    </p>
   </div>
   <div class='ocr_carea' id='block_1_2' title="bbox 138 371 1799 1911">
    <p class='ocr_par' dir='ltr' id='par_1_2' title="bbox 138 371 1799 1869">
     <span class='ocr_line' id='line_1_2' title="bbox 180 371 1799 437; baseline 0.001 -17"><span class='ocrx_word' id='word_1_4' title='bbox 180 389 309 421; x_wconf 66' lang='lat' dir='ltr'>sacr.</span> <span class='ocrx_word' id='word_1_5' title='bbox 331 390 382 423; x_wconf 86' lang='lat'>11.</span> <span class='ocrx_word' id='word_1_6' title='bbox 494 372 604 419; x_wconf 89' lang='lat' dir='ltr'>Jam</span> <span class='ocrx_word' id='word_1_7' title='bbox 627 378 934 420; x_wconf 83' lang='lat' dir='ltr'>construatur</span> <span class='ocrx_word' id='word_1_8' title='bbox 962 372 1038 435; x_wconf 92' lang='lat' dir='ltr'>(ut</span> <span class='ocrx_word' id='word_1_9' title='bbox 1060 373 1111 420; x_wconf 89' lang='lat' dir='ltr'>in</span> <span class='ocrx_word' id='word_1_10' title='bbox 1144 374 1302 436; x_wconf 90' lang='lat' dir='ltr'>figura</span> <span class='ocrx_word' id='word_1_11' title='bbox 1330 371 1560 434; x_wconf 89' lang='lat' dir='ltr'>secunda)</span> <span class='ocrx_word' id='word_1_12' title='bbox 1583 373 1799 437; x_wconf 82' lang='lat' dir='ltr'>triangu-</span> 
     </span>
     <span class='ocr_line' id='line_1_3' title="bbox 184 441 1795 512; baseline 0.002 -19"><span class='ocrx_word' id='word_1_13' title='bbox 184 485 194 498; x_wconf 71' lang='grc'>,</span> <span class='ocrx_word' id='word_1_14' title='bbox 263 441 292 471; x_wconf 74' lang='lat'>4·</span> <span class='ocrx_word' id='word_1_15' title='bbox 368 487 374 497; x_wconf 89' lang='lat'><em>.</em></span> <span class='ocrx_word' id='word_1_16' title='bbox 427 447 528 494; x_wconf 92' lang='lat' dir='ltr'>lum</span> <span class='ocrx_word' id='word_1_17' title='bbox 562 447 744 495; x_wconf 88' lang='lat' dir='ltr'>factum</span> <span class='ocrx_word' id='word_1_18' title='bbox 778 464 866 511; x_wconf 89' lang='lat' dir='ltr'>per</span> <span class='ocrx_word' id='word_1_19' title='bbox 900 448 1080 496; x_wconf 89' lang='lat' dir='ltr'>dictam</span> <span class='ocrx_word' id='word_1_20' title='bbox 1115 450 1394 508; x_wconf 85' lang='lat' dir='ltr'>sectionem,</span> <span class='ocrx_word' id='word_1_21' title='bbox 1429 465 1602 512; x_wconf 84' lang='lat' dir='ltr'>nempe</span> <span class='ocrx_word' id='word_1_22' title='bbox 1624 449 1795 510; x_wconf 87' lang='lat' dir='ltr'>ABF,</span> 
     </span>
     <span class='ocr_line' id='line_1_4' title="bbox 428 523 1794 588; baseline 0.002 -18"><span class='ocrx_word' id='word_1_23' title='bbox 428 523 565 585; x_wconf 84' lang='lat' dir='ltr'>cujus</span> <span class='ocrx_word' id='word_1_24' title='bbox 591 523 729 586; x_wconf 42' lang='lat' dir='ltr'>„latus</span> <span class='ocrx_word' id='word_1_25' title='bbox 751 523 797 570; x_wconf 90' lang='lat' dir='ltr'><strong>A</strong></span> <span class='ocrx_word' id='word_1_26' title='bbox 812 524 852 570; x_wconf 94' lang='lat' dir='ltr'><strong>B</strong></span> <span class='ocrx_word' id='word_1_27' title='bbox 889 524 1074 587; x_wconf 88' lang='lat' dir='ltr'>aequale</span> <span class='ocrx_word' id='word_1_28' title='bbox 1109 524 1171 572; x_wconf 91' lang='lat' dir='ltr'>sit</span> <span class='ocrx_word' id='word_1_29' title='bbox 1192 524 1238 571; x_wconf 93' lang='lat' dir='ltr'><strong>A</strong></span> <span class='ocrx_word' id='word_1_30' title='bbox 1257 525 1296 572; x_wconf 94' lang='lat' dir='ltr'><strong>B</strong></span> <span class='ocrx_word' id='word_1_31' title='bbox 1331 525 1500 588; x_wconf 88' lang='lat' dir='ltr'>figurae</span> <span class='ocrx_word' id='word_1_32' title='bbox 1533 524 1719 587; x_wconf 88' lang='lat' dir='ltr'>primae,</span> <span class='ocrx_word' id='word_1_33' title='bbox 1743 533 1794 574; x_wconf 86' lang='lat' dir='ltr'>et</span> 
     </span>
     <span class='ocr_line' id='line_1_5' title="bbox 426 598 1794 663; baseline 0.001 -17"><span class='ocrx_word' id='word_1_34' title='bbox 426 598 631 647; x_wconf 85' lang='lat' dir='ltr'>altitudo</span> <span class='ocrx_word' id='word_1_35' title='bbox 656 599 693 646; x_wconf 90' lang='lat' dir='ltr'><strong>F</strong></span> <span class='ocrx_word' id='word_1_36' title='bbox 707 599 749 646; x_wconf 84' lang='lat' dir='ltr'><strong>G</strong></span> <span class='ocrx_word' id='word_1_37' title='bbox 771 599 1017 647; x_wconf 87' lang='lat' dir='ltr'>altitudini</span> <span class='ocrx_word' id='word_1_38' title='bbox 1050 599 1092 646; x_wconf 91' lang='lat' dir='ltr'>E</span> <span class='ocrx_word' id='word_1_39' title='bbox 1110 600 1162 658; x_wconf 91' lang='lat' dir='ltr'>F,</span> <span class='ocrx_word' id='word_1_40' title='bbox 1186 600 1263 647; x_wconf 90' lang='lat' dir='ltr'>vel</span> <span class='ocrx_word' id='word_1_41' title='bbox 1300 600 1411 648; x_wconf 89' lang='lat' dir='ltr'>GV.</span> <span class='ocrx_word' id='word_1_42' title='bbox 1479 599 1794 663; x_wconf 84' lang='lat' dir='ltr'>Triangulum</span> 
     </span>
     <span class='ocr_line' id='line_1_6' title="bbox 425 673 1793 739; baseline 0.001 -18"><span class='ocrx_word' id='word_1_43' title='bbox 425 674 519 721; x_wconf 93' lang='lat' dir='ltr'>hoc</span> <span class='ocrx_word' id='word_1_44' title='bbox 537 673 710 721; x_wconf 81' lang='lat' dir='ltr'>tabula</span> <span class='ocrx_word' id='word_1_45' title='bbox 724 675 1050 739; x_wconf 75' lang='lat' dir='ltr'>perspectiva</span> <span class='ocrx_word' id='word_1_46' title='bbox 1072 683 1147 723; x_wconf 80' lang='lat' dir='ltr'>est</span> <span class='ocrx_word' id='word_1_47' title='bbox 1169 675 1439 738; x_wconf 87' lang='lat' dir='ltr'>rectanguli</span> <span class='ocrx_word' id='word_1_48' title='bbox 1462 675 1588 722; x_wconf 86' lang='lat' dir='ltr'>illius</span> <span class='ocrx_word' id='word_1_49' title='bbox 1610 674 1793 723; x_wconf 87' lang='lat' dir='ltr'>infiniti</span> 
     </span>
     <span class='ocr_line' id='line_1_7' title="bbox 424 749 1791 813; baseline 0.001 -17"><span class='ocrx_word' id='word_1_50' title='bbox 424 749 470 796; x_wconf 95' lang='lat' dir='ltr'><strong>A</strong></span> <span class='ocrx_word' id='word_1_51' title='bbox 484 750 524 797; x_wconf 94' lang='lat' dir='ltr'><strong>B</strong></span> <span class='ocrx_word' id='word_1_52' title='bbox 542 750 587 796; x_wconf 92' lang='lat' dir='ltr'>Y</span> <span class='ocrx_word' id='word_1_53' title='bbox 604 750 655 797; x_wconf 94' lang='lat' dir='ltr'>Z.</span> <span class='ocrx_word' id='word_1_54' title='bbox 727 750 958 797; x_wconf 84' lang='lat' dir='ltr'>Similiter</span> <span class='ocrx_word' id='word_1_55' title='bbox 980 750 1276 813; x_wconf 89' lang='lat' dir='ltr'>triangulum</span> <span class='ocrx_word' id='word_1_56' title='bbox 1310 750 1441 798; x_wconf 91' lang='lat' dir='ltr'>aliud</span> <span class='ocrx_word' id='word_1_57' title='bbox 1469 749 1791 813; x_wconf 91' lang='lat' dir='ltr'>quodcunque</span> 
     </span>
     <span class='ocr_line' id='line_1_8' title="bbox 423 825 1792 888; baseline 0.001 -16"><span class='ocrx_word' id='word_1_58' title='bbox 423 825 588 872; x_wconf 89' lang='lat' dir='ltr'>tabula</span> <span class='ocrx_word' id='word_1_59' title='bbox 606 825 752 873; x_wconf 89' lang='lat' dir='ltr'>etiam</span> <span class='ocrx_word' id='word_1_60' title='bbox 771 832 844 873; x_wconf 92' lang='lat' dir='ltr'>est</span> <span class='ocrx_word' id='word_1_61' title='bbox 873 825 1145 888; x_wconf 88' lang='lat' dir='ltr'>rectanguli</span> <span class='ocrx_word' id='word_1_62' title='bbox 1167 826 1346 874; x_wconf 88' lang='lat' dir='ltr'>infiniti</span> <span class='ocrx_word' id='word_1_63' title='bbox 1366 826 1584 888; x_wconf 88' lang='lat' dir='ltr'>alicujus.</span> <span class='ocrx_word' id='word_1_64' title='bbox 1656 825 1792 874; x_wconf 88' lang='lat' dir='ltr'>Simi-</span> 
     </span>
     <span class='ocr_line' id='line_1_9' title="bbox 422 900 1795 964; baseline 0.001 -17"><span class='ocrx_word' id='word_1_65' title='bbox 422 900 533 947; x_wconf 88' lang='lat' dir='ltr'>liter</span> <span class='ocrx_word' id='word_1_66' title='bbox 559 901 631 963; x_wconf 91' lang='lat' dir='ltr'>(in</span> <span class='ocrx_word' id='word_1_67' title='bbox 663 901 821 963; x_wconf 88' lang='lat' dir='ltr'>figura</span> <span class='ocrx_word' id='word_1_68' title='bbox 853 901 1017 963; x_wconf 87' lang='lat' dir='ltr'>tertia)</span> <span class='ocrx_word' id='word_1_69' title='bbox 1047 900 1143 948; x_wconf 92' lang='lat' dir='ltr'>duo</span> <span class='ocrx_word' id='word_1_70' title='bbox 1183 901 1427 964; x_wconf 86' lang='lat' dir='ltr'>triangula</span> <span class='ocrx_word' id='word_1_71' title='bbox 1466 901 1529 948; x_wconf 89' lang='lat' dir='ltr'>ad</span> <span class='ocrx_word' id='word_1_72' title='bbox 1563 901 1795 949; x_wconf 88' lang='lat' dir='ltr'>verticem</span> 
     </span>
     <span class='ocr_line' id='line_1_10' title="bbox 422 975 1795 1039; baseline 0.001 -17"><span class='ocrx_word' id='word_1_73' title='bbox 422 976 464 1022; x_wconf 94' lang='lat' dir='ltr'><strong>A</strong></span> <span class='ocrx_word' id='word_1_74' title='bbox 483 976 523 1022; x_wconf 92' lang='lat' dir='ltr'>B</span> <span class='ocrx_word' id='word_1_75' title='bbox 541 977 592 1035; x_wconf 90' lang='lat' dir='ltr'>F,</span> <span class='ocrx_word' id='word_1_76' title='bbox 634 976 728 1025; x_wconf 89' lang='lat' dir='ltr'>FD</span> <span class='ocrx_word' id='word_1_77' title='bbox 746 976 784 1024; x_wconf 83' lang='lat' dir='ltr'>C</span> <span class='ocrx_word' id='word_1_78' title='bbox 823 976 989 1023; x_wconf 87' lang='lat' dir='ltr'>tabula</span> <span class='ocrx_word' id='word_1_79' title='bbox 1030 983 1103 1023; x_wconf 90' lang='lat' dir='ltr'>est</span> <span class='ocrx_word' id='word_1_80' title='bbox 1149 975 1354 1024; x_wconf 91' lang='lat' dir='ltr'>duorum</span> <span class='ocrx_word' id='word_1_81' title='bbox 1398 976 1795 1039; x_wconf 89' lang='lat' dir='ltr'>rectangulorum</span> 
     </span>
     <span class='ocr_line' id='line_1_11' title="bbox 421 1050 1791 1115; baseline 0.001 -17"><span class='ocrx_word' id='word_1_82' title='bbox 421 1050 549 1098; x_wconf 90' lang='lat' dir='ltr'>inter</span> <span class='ocrx_word' id='word_1_83' title='bbox 575 1067 626 1098; x_wconf 92' lang='lat' dir='ltr'>se</span> <span class='ocrx_word' id='word_1_84' title='bbox 649 1051 1004 1113; x_wconf 82' lang='lat' dir='ltr'>parallelorum,</span> <span class='ocrx_word' id='word_1_85' title='bbox 1030 1051 1191 1114; x_wconf 87' lang='lat' dir='ltr'>qualia</span> <span class='ocrx_word' id='word_1_86' title='bbox 1213 1059 1327 1098; x_wconf 91' lang='lat' dir='ltr'>sunt</span> <span class='ocrx_word' id='word_1_87' title='bbox 1349 1051 1551 1114; x_wconf 88' lang='lat' dir='ltr'>alicujus</span> <span class='ocrx_word' id='word_1_88' title='bbox 1573 1051 1791 1115; x_wconf 88' lang='lat' dir='ltr'>porticus</span> 
     </span>
     <span class='ocr_line' id='line_1_12' title="bbox 422 1126 1794 1190; baseline 0.001 -17"><span class='ocrx_word' id='word_1_89' title='bbox 422 1127 576 1173; x_wconf 90' lang='lat' dir='ltr'>solum</span> <span class='ocrx_word' id='word_1_90' title='bbox 616 1133 665 1174; x_wconf 94' lang='lat' dir='ltr'>et</span> <span class='ocrx_word' id='word_1_91' title='bbox 698 1127 913 1174; x_wconf 86' lang='lat' dir='ltr'>lacunar.</span> <span class='ocrx_word' id='word_1_92' title='bbox 994 1127 1023 1174; x_wconf 92' lang='lat' dir='ltr'><strong>J</strong></span> <span class='ocrx_word' id='word_1_93' title='bbox 1028 1127 1283 1190; x_wconf 89' lang='lat' dir='ltr'>unctisque</span> <span class='ocrx_word' id='word_1_94' title='bbox 1318 1127 1364 1174; x_wconf 93' lang='lat' dir='ltr'><strong>A</strong></span> <span class='ocrx_word' id='word_1_95' title='bbox 1382 1126 1442 1186; x_wconf 91' lang='lat' dir='ltr'>D,</span> <span class='ocrx_word' id='word_1_96' title='bbox 1485 1127 1596 1186; x_wconf 87' lang='lat' dir='ltr'>BC,</span> <span class='ocrx_word' id='word_1_97' title='bbox 1634 1133 1794 1175; x_wconf 89' lang='lat' dir='ltr'>totum</span> 
     </span>
     <span class='ocr_line' id='line_1_13' title="bbox 420 1202 1792 1265; baseline 0.001 -17"><span class='ocrx_word' id='word_1_98' title='bbox 420 1203 460 1248; x_wconf 92' lang='lat' dir='ltr'><strong>A</strong></span> <span class='ocrx_word' id='word_1_99' title='bbox 474 1202 513 1249; x_wconf 91' lang='lat' dir='ltr'><strong>B</strong></span> <span class='ocrx_word' id='word_1_100' title='bbox 530 1202 567 1249; x_wconf 82' lang='lat' dir='ltr'>C</span> <span class='ocrx_word' id='word_1_101' title='bbox 583 1203 626 1250; x_wconf 96' lang='lat' dir='ltr'>D</span> <span class='ocrx_word' id='word_1_102' title='bbox 646 1202 981 1265; x_wconf 88' lang='lat' dir='ltr'>rectangulum</span> <span class='ocrx_word' id='word_1_103' title='bbox 995 1202 1162 1249; x_wconf 86' lang='lat' dir='ltr'>tabula</span> <span class='ocrx_word' id='word_1_104' title='bbox 1185 1209 1258 1249; x_wconf 89' lang='lat' dir='ltr'>est</span> <span class='ocrx_word' id='word_1_105' title='bbox 1277 1217 1359 1248; x_wconf 87' lang='lat' dir='ltr'>sex</span> <span class='ocrx_word' id='word_1_106' title='bbox 1382 1202 1792 1265; x_wconf 89' lang='lat' dir='ltr'>rectangulorum,</span> 
     </span>
     <span class='ocr_line' id='line_1_14' title="bbox 418 1277 1791 1341; baseline 0.001 -17"><span class='ocrx_word' id='word_1_107' title='bbox 418 1278 701 1325; x_wconf 90' lang='lat' dir='ltr'>habentium</span> <span class='ocrx_word' id='word_1_108' title='bbox 723 1278 876 1325; x_wconf 90' lang='lat' dir='ltr'>latera</span> <span class='ocrx_word' id='word_1_109' title='bbox 900 1277 1122 1340; x_wconf 89' lang='lat' dir='ltr'>opposita</span> <span class='ocrx_word' id='word_1_110' title='bbox 1155 1277 1282 1324; x_wconf 91' lang='lat' dir='ltr'>inter</span> <span class='ocrx_word' id='word_1_111' title='bbox 1306 1293 1357 1325; x_wconf 92' lang='lat' dir='ltr'>se</span> <span class='ocrx_word' id='word_1_112' title='bbox 1380 1277 1611 1340; x_wconf 89' lang='lat' dir='ltr'>parallela</span> <span class='ocrx_word' id='word_1_113' title='bbox 1633 1284 1683 1326; x_wconf 88' lang='lat' dir='ltr'>et</span> <span class='ocrx_word' id='word_1_114' title='bbox 1706 1294 1791 1341; x_wconf 92' lang='lat' dir='ltr'>op-</span> 
     </span>
     <span class='ocr_line' id='line_1_15' title="bbox 418 1352 1792 1415; baseline 0 -15"><span class='ocrx_word' id='word_1_115' title='bbox 418 1353 590 1415; x_wconf 91' lang='lat' dir='ltr'>posita.</span> <span class='ocrx_word' id='word_1_116' title='bbox 676 1354 740 1400; x_wconf 91' lang='lat' dir='ltr'>Et</span> <span class='ocrx_word' id='word_1_117' title='bbox 778 1352 1114 1415; x_wconf 90' lang='lat' dir='ltr'>rectangulum</span> <span class='ocrx_word' id='word_1_118' title='bbox 1155 1352 1357 1415; x_wconf 83' lang='lat' dir='ltr'>quodvis</span> <span class='ocrx_word' id='word_1_119' title='bbox 1399 1352 1546 1411; x_wconf 90' lang='lat' dir='ltr'>aliud,</span> <span class='ocrx_word' id='word_1_120' title='bbox 1585 1352 1792 1400; x_wconf 89' lang='lat' dir='ltr'>divisum</span> 
     </span>
     <span class='ocr_line' id='line_1_16' title="bbox 420 1427 1794 1491; baseline 0.001 -17"><span class='ocrx_word' id='word_1_121' title='bbox 420 1428 605 1475; x_wconf 88' lang='lat' dir='ltr'>duabus</span> <span class='ocrx_word' id='word_1_122' title='bbox 643 1428 976 1491; x_wconf 90' lang='lat' dir='ltr'>diagonalibus</span> <span class='ocrx_word' id='word_1_123' title='bbox 1010 1428 1062 1475; x_wconf 91' lang='lat' dir='ltr'>in</span> <span class='ocrx_word' id='word_1_124' title='bbox 1099 1436 1306 1490; x_wconf 87' lang='lat' dir='ltr'>quatuor</span> <span class='ocrx_word' id='word_1_125' title='bbox 1327 1434 1506 1490; x_wconf 90' lang='lat' dir='ltr'>partes,</span> <span class='ocrx_word' id='word_1_126' title='bbox 1531 1427 1697 1476; x_wconf 85' lang='lat' dir='ltr'>tabula</span> <span class='ocrx_word' id='word_1_127' title='bbox 1720 1434 1794 1476; x_wconf 91' lang='lat' dir='ltr'>est</span> 
     </span>
     <span class='ocr_line' id='line_1_17' title="bbox 417 1502 1586 1566; baseline 0.001 -17"><span class='ocrx_word' id='word_1_128' title='bbox 417 1503 719 1565; x_wconf 83' lang='lat' dir='ltr'>perspectiva</span> <span class='ocrx_word' id='word_1_129' title='bbox 739 1502 1122 1566; x_wconf 88' lang='lat' dir='ltr'>parallelipipedi</span> <span class='ocrx_word' id='word_1_130' title='bbox 1145 1503 1345 1550; x_wconf 90' lang='lat' dir='ltr'>concavi</span> <span class='ocrx_word' id='word_1_131' title='bbox 1368 1502 1586 1565; x_wconf 87' lang='lat' dir='ltr'>alicujus.</span> 
     </span>
     <span class='ocr_line' id='line_1_18' title="bbox 139 1577 1792 1661; baseline 0.002 -38"><span class='ocrx_word' id='word_1_132' title='bbox 139 1582 353 1654; x_wconf 52' lang='lat' dir='ltr'>ffitssnffiflffi</span> <span class='ocrx_word' id='word_1_133' title='bbox 487 1584 531 1624; x_wconf 89' lang='lat'>3.</span> <span class='ocrx_word' id='word_1_134' title='bbox 569 1578 813 1626; x_wconf 73' lang='lat' dir='ltr'>Quoniam</span> <span class='ocrx_word' id='word_1_135' title='bbox 859 1584 1020 1624; x_wconf 88' lang='lat' dir='ltr'>autem</span> <span class='ocrx_word' id='word_1_136' title='bbox 1077 1577 1371 1661; x_wconf 80' lang='lat' dir='ltr'>descriptum</span> <span class='ocrx_word' id='word_1_137' title='bbox 1416 1578 1468 1624; x_wconf 92' lang='lat' dir='ltr'>in</span> <span class='ocrx_word' id='word_1_138' title='bbox 1512 1578 1656 1641; x_wconf 89' lang='lat' dir='ltr'>plano</span> <span class='ocrx_word' id='word_1_139' title='bbox 1704 1579 1792 1626; x_wconf 87' lang='lat' dir='ltr'>tri-</span> 
     </span>
     <span class='ocr_line' id='line_1_19' title="bbox 138 1653 1791 1740; baseline 0.002 -44"><span class='ocrx_word' id='word_1_140' title='bbox 138 1673 358 1740; x_wconf 46' lang='lat' dir='ltr'>repnlcsfnmtur</span> <span class='ocrx_word' id='word_1_141' title='bbox 418 1654 649 1716; x_wconf 83' lang='lat' dir='ltr'>angulum</span> <span class='ocrx_word' id='word_1_142' title='bbox 696 1653 798 1700; x_wconf 90' lang='lat' dir='ltr'>sine</span> <span class='ocrx_word' id='word_1_143' title='bbox 845 1653 939 1700; x_wconf 92' lang='lat' dir='ltr'>alio</span> <span class='ocrx_word' id='word_1_144' title='bbox 976 1653 1180 1700; x_wconf 92' lang='lat' dir='ltr'>artificio</span> <span class='ocrx_word' id='word_1_145' title='bbox 1217 1653 1478 1716; x_wconf 83' lang='lat' dir='ltr'>imaginem</span> <span class='ocrx_word' id='word_1_146' title='bbox 1513 1653 1791 1716; x_wconf 88' lang='lat' dir='ltr'>hujusmodi</span> 
     </span>
     <span class='ocr_line' id='line_1_20' title="bbox 139 1713 1790 1792; baseline 0.001 -17"><span class='ocrx_word' id='word_1_147' title='bbox 139 1717 203 1740; x_wconf 53' lang='grc' dir='ltr'>Μ’</span> <span class='ocrx_word' id='word_1_148' title='bbox 168 1722 257 1791; x_wconf 51' lang='lat' dir='ltr'>„mii</span> <span class='ocrx_word' id='word_1_149' title='bbox 244 1713 312 1783; x_wconf 40' lang='lat' dir='ltr'>*³2¹1sp</span> <span class='ocrx_word' id='word_1_150' title='bbox 311 1722 401 1783; x_wconf 60' lang='lat' dir='ltr'>¹J¹mp</span> <span class='ocrx_word' id='word_1_151' title='bbox 419 1729 687 1792; x_wconf 89' lang='lat' dir='ltr'>rectanguli</span> <span class='ocrx_word' id='word_1_152' title='bbox 709 1728 886 1776; x_wconf 90' lang='lat' dir='ltr'>infiniti</span> <span class='ocrx_word' id='word_1_153' title='bbox 908 1729 1145 1776; x_wconf 88' lang='lat' dir='ltr'>linearum</span> <span class='ocrx_word' id='word_1_154' title='bbox 1170 1728 1321 1775; x_wconf 91' lang='lat' dir='ltr'>ductu</span> <span class='ocrx_word' id='word_1_155' title='bbox 1342 1729 1538 1775; x_wconf 90' lang='lat' dir='ltr'>minime</span> <span class='ocrx_word' id='word_1_156' title='bbox 1555 1729 1790 1788; x_wconf 87' lang='lat' dir='ltr'>imitatur,</span> 
     </span>
     <span class='ocr_line' id='line_1_21' title="bbox 139 1798 1790 1911; baseline 0.001 -60"><span class='ocrx_word' id='word_1_157' title='bbox 139 1798 264 1911; x_wconf 42' lang='grc' dir='ltr'>(ἔξω</span> <span class='ocrx_word' id='word_1_158' title='bbox 251 1799 378 1826; x_wconf 54' lang='grc' dir='ltr'><strong>’“ῑῑ”Ν“·Ν</strong></span> <span class='ocrx_word' id='word_1_159' title='bbox 422 1811 470 1851; x_wconf 89' lang='lat' dir='ltr'>et</span> <span class='ocrx_word' id='word_1_160' title='bbox 492 1806 612 1852; x_wconf 77' lang='lat' dir='ltr'>ralis</span> <span class='ocrx_word' id='word_1_161' title='bbox 616 1805 733 1852; x_wconf 89' lang='lat' dir='ltr'>sime</span> <span class='ocrx_word' id='word_1_162' title='bbox 758 1804 1014 1867; x_wconf 89' lang='lat' dir='ltr'>contingit,</span> <span class='ocrx_word' id='word_1_163' title='bbox 1048 1812 1104 1851; x_wconf 91' lang='lat' dir='ltr'>ut</span> <span class='ocrx_word' id='word_1_164' title='bbox 1129 1804 1210 1866; x_wconf 93' lang='lat' dir='ltr'>qui</span> <span class='ocrx_word' id='word_1_165' title='bbox 1246 1804 1544 1867; x_wconf 89' lang='lat' dir='ltr'>triangulum</span> <span class='ocrx_word' id='word_1_166' title='bbox 1574 1804 1790 1853; x_wconf 89' lang='lat' dir='ltr'>intuetur</span> 
     </span>
    </p>
   </div>
   <div class='ocr_carea' id='block_1_3' title="bbox 197 1842 1790 1943">
    <p class='ocr_par' dir='ltr' id='par_1_3' title="bbox 197 1842 1790 1943">
     <span class='ocr_line' id='line_1_22' title="bbox 197 1842 306 1873; baseline 0 -4"><span class='ocrx_word' id='word_1_167' title='bbox 197 1851 242 1873; x_wconf 74' lang='grc'>1111</span> <span class='ocrx_word' id='word_1_168' title='bbox 257 1842 306 1869; x_wconf 83' lang='lat' dir='ltr'>sed</span> 
     </span>
     <span class='ocr_line' id='line_1_23' title="bbox 215 1851 1790 1943; baseline 0.001 -16.025"><span class='ocrx_word' id='word_1_169' title='bbox 215 1851 404 1912; x_wconf 49' lang='lat' dir='ltr'>¹1dp¹1wem</span> <span class='ocrx_word' id='word_1_170' title='bbox 422 1881 755 1943; x_wconf 89' lang='lat' dir='ltr'>rectangulum</span> <span class='ocrx_word' id='word_1_171' title='bbox 770 1887 911 1942; x_wconf 90' lang='lat' dir='ltr'>putat</span> <span class='ocrx_word' id='word_1_172' title='bbox 926 1896 976 1927; x_wconf 92' lang='lat' dir='ltr'>se</span> <span class='ocrx_word' id='word_1_173' title='bbox 989 1879 1329 1942; x_wconf 84' lang='lat' dir='ltr'>videre,1isque</span> <span class='ocrx_word' id='word_1_174' title='bbox 1344 1879 1456 1926; x_wconf 91' lang='lat' dir='ltr'>solis</span> <span class='ocrx_word' id='word_1_175' title='bbox 1472 1879 1555 1943; x_wconf 92' lang='lat' dir='ltr'>qui</span> <span class='ocrx_word' id='word_1_176' title='bbox 1569 1880 1790 1928; x_wconf 89' lang='lat' dir='ltr'>consulto</span> 
     </span>
    </p>
   </div>
   <div class='ocr_carea' id='block_1_4' title="bbox 147 1927 1791 2924">
    <p class='ocr_par' dir='ltr' id='par_1_4' title="bbox 147 1927 1791 2924">
     <span class='ocr_line' id='line_1_24' title="bbox 150 1927 1791 2018; baseline 0 -15"><span class='ocrx_word' id='word_1_177' title='bbox 150 1927 405 1999; x_wconf 38' lang='lat' dir='ltr'>,gangghtmffl</span> <span class='ocrx_word' id='word_1_178' title='bbox 423 1964 472 2003; x_wconf 94' lang='lat' dir='ltr'>et</span> <span class='ocrx_word' id='word_1_179' title='bbox 510 1973 620 2003; x_wconf 90' lang='lat' dir='ltr'>cum</span> <span class='ocrx_word' id='word_1_180' title='bbox 657 1971 834 2018; x_wconf 88' lang='lat' dir='ltr'>magno</span> <span class='ocrx_word' id='word_1_181' title='bbox 868 1956 1034 2003; x_wconf 83' lang='lat' dir='ltr'>labore</span> <span class='ocrx_word' id='word_1_182' title='bbox 1068 1962 1299 2003; x_wconf 83' lang='lat' dir='ltr'>revocant</span> <span class='ocrx_word' id='word_1_183' title='bbox 1332 1955 1384 2002; x_wconf 89' lang='lat' dir='ltr'>in</span> <span class='ocrx_word' id='word_1_184' title='bbox 1417 1955 1715 2015; x_wconf 88' lang='lat' dir='ltr'>memoriam,</span> <span class='ocrx_word' id='word_1_185' title='bbox 1741 1964 1791 2003; x_wconf 90' lang='lat' dir='ltr'>et</span> 
     </span>
     <span class='ocr_line' id='line_1_25' title="bbox 147 2013 1788 2094; baseline 0.001 -16"><span class='ocrx_word' id='word_1_186' title='bbox 147 2013 323 2041; x_wconf 52' lang='lat' dir='ltr'>&#39;nmmum&#39;</span> <span class='ocrx_word' id='word_1_187' title='bbox 420 2031 579 2078; x_wconf 89' lang='lat' dir='ltr'>ideam</span> <span class='ocrx_word' id='word_1_188' title='bbox 603 2048 661 2078; x_wconf 87' lang='lat' dir='ltr'>ex</span> <span class='ocrx_word' id='word_1_189' title='bbox 701 2032 844 2078; x_wconf 90' lang='lat' dir='ltr'>simili</span> <span class='ocrx_word' id='word_1_190' title='bbox 879 2032 1080 2094; x_wconf 86' lang='lat' dir='ltr'>alicujus</span> <span class='ocrx_word' id='word_1_191' title='bbox 1119 2031 1413 2094; x_wconf 81' lang='lat' dir='ltr'>longissimae</span> <span class='ocrx_word' id='word_1_192' title='bbox 1435 2031 1652 2094; x_wconf 88' lang='lat' dir='ltr'>porticus</span> <span class='ocrx_word' id='word_1_193' title='bbox 1675 2038 1788 2079; x_wconf 86' lang='lat' dir='ltr'>ante</span> 
     </span>
     <span class='ocr_line' id='line_1_26' title="bbox 420 2106 1787 2169; baseline 0 -15"><span class='ocrx_word' id='word_1_194' title='bbox 420 2114 648 2169; x_wconf 81' lang='lat' dir='ltr'>spectatae</span> <span class='ocrx_word' id='word_1_195' title='bbox 674 2114 959 2169; x_wconf 90' lang='lat' dir='ltr'>conceptam</span> <span class='ocrx_word' id='word_1_196' title='bbox 998 2107 1049 2154; x_wconf 92' lang='lat' dir='ltr'>in</span> <span class='ocrx_word' id='word_1_197' title='bbox 1087 2107 1247 2154; x_wconf 87' lang='lat' dir='ltr'>animo</span> <span class='ocrx_word' id='word_1_198' title='bbox 1285 2106 1547 2154; x_wconf 86' lang='lat' dir='ltr'>consistere</span> <span class='ocrx_word' id='word_1_199' title='bbox 1569 2106 1787 2161; x_wconf 79' lang='lat' dir='ltr'>faciunt3</span> 
     </span>
     <span class='ocr_line' id='line_1_27' title="bbox 418 2181 1788 2244; baseline 0 -15"><span class='ocrx_word' id='word_1_200' title='bbox 418 2182 700 2244; x_wconf 84' lang='lat' dir='ltr'>colligimus,</span> <span class='ocrx_word' id='word_1_201' title='bbox 742 2182 872 2244; x_wconf 93' lang='lat' dir='ltr'>quod</span> <span class='ocrx_word' id='word_1_202' title='bbox 912 2181 976 2229; x_wconf 90' lang='lat' dir='ltr'>ad</span> <span class='ocrx_word' id='word_1_203' title='bbox 1007 2182 1284 2229; x_wconf 89' lang='lat' dir='ltr'>institutum</span> <span class='ocrx_word' id='word_1_204' title='bbox 1322 2190 1541 2229; x_wconf 89' lang='lat' dir='ltr'>nostrum</span> <span class='ocrx_word' id='word_1_205' title='bbox 1578 2181 1788 2230; x_wconf 82' lang='lat' dir='ltr'>maxime</span> 
     </span>
     <span class='ocr_line' id='line_1_28' title="bbox 414 2256 1788 2321; baseline 0.001 -18"><span class='ocrx_word' id='word_1_206' title='bbox 414 2257 640 2319; x_wconf 89' lang='lat' dir='ltr'>pertinet,</span> <span class='ocrx_word' id='word_1_207' title='bbox 668 2257 866 2304; x_wconf 75' lang='lat' dir='ltr'>tabulas</span> <span class='ocrx_word' id='word_1_208' title='bbox 881 2257 1217 2321; x_wconf 72' lang='lat' dir='ltr'>perspectivoe</span> <span class='ocrx_word' id='word_1_209' title='bbox 1235 2273 1334 2304; x_wconf 89' lang='lat' dir='ltr'>non</span> <span class='ocrx_word' id='word_1_210' title='bbox 1358 2256 1667 2304; x_wconf 89' lang='lat' dir='ltr'>similitudine</span> <span class='ocrx_word' id='word_1_211' title='bbox 1689 2257 1788 2305; x_wconf 84' lang='lat' dir='ltr'>ulla</span> 
     </span>
     <span class='ocr_line' id='line_1_29' title="bbox 413 2331 1787 2395; baseline 0.001 -17"><span class='ocrx_word' id='word_1_212' title='bbox 413 2333 582 2394; x_wconf 90' lang='lat' dir='ltr'>figurae</span> <span class='ocrx_word' id='word_1_213' title='bbox 605 2348 731 2380; x_wconf 82' lang='lat' dir='ltr'>verae</span> <span class='ocrx_word' id='word_1_214' title='bbox 767 2333 1013 2395; x_wconf 88' lang='lat' dir='ltr'>objectum</span> <span class='ocrx_word' id='word_1_215' title='bbox 1046 2339 1411 2395; x_wconf 82' lang='lat' dir='ltr'>repraesentare,</span> <span class='ocrx_word' id='word_1_216' title='bbox 1449 2331 1534 2379; x_wconf 89' lang='lat' dir='ltr'>sed</span> <span class='ocrx_word' id='word_1_217' title='bbox 1569 2331 1787 2380; x_wconf 83' lang='lat' dir='ltr'>similitu-</span> 
     </span>
     <span class='ocr_line' id='line_1_30' title="bbox 416 2407 1787 2471; baseline 0 -16"><span class='ocrx_word' id='word_1_218' title='bbox 416 2408 528 2455; x_wconf 88' lang='lat' dir='ltr'>dine</span> <span class='ocrx_word' id='word_1_219' title='bbox 553 2425 698 2471; x_wconf 91' lang='lat' dir='ltr'>quam</span> <span class='ocrx_word' id='word_1_220' title='bbox 721 2409 904 2455; x_wconf 87' lang='lat' dir='ltr'>habent</span> <span class='ocrx_word' id='word_1_221' title='bbox 929 2423 1038 2455; x_wconf 93' lang='lat' dir='ltr'>cum</span> <span class='ocrx_word' id='word_1_222' title='bbox 1061 2408 1306 2471; x_wconf 89' lang='lat' dir='ltr'>triangulo</span> <span class='ocrx_word' id='word_1_223' title='bbox 1322 2407 1453 2471; x_wconf 91' lang='lat' dir='ltr'>quod</span> <span class='ocrx_word' id='word_1_224' title='bbox 1466 2415 1539 2455; x_wconf 87' lang='lat' dir='ltr'>est</span> <span class='ocrx_word' id='word_1_225' title='bbox 1556 2407 1607 2455; x_wconf 91' lang='lat' dir='ltr'>in</span> <span class='ocrx_word' id='word_1_226' title='bbox 1628 2409 1787 2471; x_wconf 89' lang='lat' dir='ltr'>figura</span> 
     </span>
     <span class='ocr_line' id='line_1_31' title="bbox 412 2483 1786 2547; baseline 0.001 -17"><span class='ocrx_word' id='word_1_227' title='bbox 412 2491 504 2530; x_wconf 88' lang='lat' dir='ltr'>art.</span> <span class='ocrx_word' id='word_1_228' title='bbox 529 2490 576 2542; x_wconf 90' lang='lat'>4,</span> <span class='ocrx_word' id='word_1_229' title='bbox 611 2484 928 2547; x_wconf 83' lang='lat' dir='ltr'>praecedentis</span> <span class='ocrx_word' id='word_1_230' title='bbox 961 2484 1158 2547; x_wconf 84' lang='lat' dir='ltr'>capitis,</span> <span class='ocrx_word' id='word_1_231' title='bbox 1182 2484 1409 2531; x_wconf 89' lang='lat' dir='ltr'>nimirum</span> <span class='ocrx_word' id='word_1_232' title='bbox 1444 2483 1540 2531; x_wconf 89' lang='lat' dir='ltr'>FK</span> <span class='ocrx_word' id='word_1_233' title='bbox 1557 2483 1613 2542; x_wconf 90' lang='lat' dir='ltr'>G,</span> <span class='ocrx_word' id='word_1_234' title='bbox 1649 2485 1786 2547; x_wconf 85' lang='lat' dir='ltr'>cujus</span> 
     </span>
     <span class='ocr_line' id='line_1_32' title="bbox 412 2558 1785 2623; baseline 0.001 -18"><span class='ocrx_word' id='word_1_235' title='bbox 412 2566 580 2606; x_wconf 86' lang='lat' dir='ltr'>vertex</span> <span class='ocrx_word' id='word_1_236' title='bbox 622 2560 684 2617; x_wconf 91' lang='lat' dir='ltr'>K,</span> <span class='ocrx_word' id='word_1_237' title='bbox 720 2566 956 2622; x_wconf 89' lang='lat' dir='ltr'>punctum</span> <span class='ocrx_word' id='word_1_238' title='bbox 994 2559 1124 2621; x_wconf 88' lang='lat' dir='ltr'>quod</span> <span class='ocrx_word' id='word_1_239' title='bbox 1160 2559 1404 2622; x_wconf 88' lang='lat' dir='ltr'>appellant</span> <span class='ocrx_word' id='word_1_240' title='bbox 1416 2558 1712 2623; x_wconf 76' lang='lat' dir='ltr'>principale</span> <span class='ocrx_word' id='word_1_241' title='bbox 1735 2566 1785 2607; x_wconf 88' lang='lat' dir='ltr'>et</span> 
     </span>
     <span class='ocr_line' id='line_1_33' title="bbox 412 2634 1784 2699; baseline 0.001 -19"><span class='ocrx_word' id='word_1_242' title='bbox 412 2634 733 2693; x_wconf 71' lang='lat' dir='ltr'>lzorizontale,</span> <span class='ocrx_word' id='word_1_243' title='bbox 752 2634 1012 2699; x_wconf 89' lang='lat' dir='ltr'>respondet</span> <span class='ocrx_word' id='word_1_244' title='bbox 1033 2635 1205 2682; x_wconf 88' lang='lat' dir='ltr'>vertici</span> <span class='ocrx_word' id='word_1_245' title='bbox 1228 2636 1265 2682; x_wconf 88' lang='lat' dir='ltr'><strong>F</strong></span> <span class='ocrx_word' id='word_1_246' title='bbox 1287 2634 1515 2697; x_wconf 90' lang='lat' dir='ltr'>trianguli</span> <span class='ocrx_word' id='word_1_247' title='bbox 1537 2634 1582 2681; x_wconf 92' lang='lat' dir='ltr'><strong>A</strong></span> <span class='ocrx_word' id='word_1_248' title='bbox 1600 2635 1637 2681; x_wconf 92' lang='lat' dir='ltr'>F</span> <span class='ocrx_word' id='word_1_249' title='bbox 1652 2634 1708 2693; x_wconf 87' lang='lat' dir='ltr'>B,</span> <span class='ocrx_word' id='word_1_250' title='bbox 1734 2641 1784 2682; x_wconf 89' lang='lat' dir='ltr'>et</span> 
     </span>
     <span class='ocr_line' id='line_1_34' title="bbox 411 2709 1784 2772; baseline 0.001 -17"><span class='ocrx_word' id='word_1_251' title='bbox 411 2709 537 2756; x_wconf 88' lang='lat' dir='ltr'>basis</span> <span class='ocrx_word' id='word_1_252' title='bbox 577 2710 614 2756; x_wconf 87' lang='lat' dir='ltr'><strong>F</strong></span> <span class='ocrx_word' id='word_1_253' title='bbox 630 2711 670 2757; x_wconf 88' lang='lat' dir='ltr'><strong>G</strong></span> <span class='ocrx_word' id='word_1_254' title='bbox 701 2711 814 2766; x_wconf 87' lang='lat' dir='ltr'>illic,</span> <span class='ocrx_word' id='word_1_255' title='bbox 843 2711 948 2757; x_wconf 90' lang='lat' dir='ltr'>basi</span> <span class='ocrx_word' id='word_1_256' title='bbox 970 2710 1015 2757; x_wconf 91' lang='lat' dir='ltr'><strong>A</strong></span> <span class='ocrx_word' id='word_1_257' title='bbox 1033 2710 1072 2756; x_wconf 89' lang='lat' dir='ltr'>B</span> <span class='ocrx_word' id='word_1_258' title='bbox 1097 2710 1176 2757; x_wconf 94' lang='lat' dir='ltr'>hic</span> <span class='ocrx_word' id='word_1_259' title='bbox 1197 2727 1208 2764; x_wconf 74' lang='grc' dir='ltr'><strong>ς</strong></span> <span class='ocrx_word' id='word_1_260' title='bbox 1245 2725 1302 2756; x_wconf 85' lang='lat' dir='ltr'>ex</span> <span class='ocrx_word' id='word_1_261' title='bbox 1327 2725 1421 2772; x_wconf 92' lang='lat' dir='ltr'>quo</span> <span class='ocrx_word' id='word_1_262' title='bbox 1441 2710 1511 2767; x_wconf 91' lang='lat' dir='ltr'>fit,</span> <span class='ocrx_word' id='word_1_263' title='bbox 1536 2716 1592 2756; x_wconf 88' lang='lat' dir='ltr'>ut</span> <span class='ocrx_word' id='word_1_264' title='bbox 1616 2724 1784 2771; x_wconf 89' lang='lat' dir='ltr'>quam-</span> 
     </span>
     <span class='ocr_line' id='line_1_35' title="bbox 412 2784 1782 2848; baseline 0 -17"><span class='ocrx_word' id='word_1_265' title='bbox 412 2785 496 2831; x_wconf 90' lang='lat' dir='ltr'>diu</span> <span class='ocrx_word' id='word_1_266' title='bbox 520 2792 791 2847; x_wconf 83' lang='lat' dir='ltr'>spectantes</span> <span class='ocrx_word' id='word_1_267' title='bbox 816 2785 1067 2848; x_wconf 87' lang='lat' dir='ltr'>quodlibet</span> <span class='ocrx_word' id='word_1_268' title='bbox 1102 2784 1397 2847; x_wconf 84' lang='lat' dir='ltr'>triangulum</span> <span class='ocrx_word' id='word_1_269' title='bbox 1421 2784 1782 2832; x_wconf 85' lang='lat' dir='ltr'>meminerimus</span> 
     </span>
     <span class='ocr_line' id='line_1_36' title="bbox 410 2860 1783 2924; baseline 0.001 -18"><span class='ocrx_word' id='word_1_270' title='bbox 410 2860 650 2923; x_wconf 86' lang='lat' dir='ltr'>porticum</span> <span class='ocrx_word' id='word_1_271' title='bbox 695 2861 906 2924; x_wconf 79' lang='lat' dir='ltr'>aliquam</span> <span class='ocrx_word' id='word_1_272' title='bbox 962 2860 1289 2923; x_wconf 83' lang='lat' dir='ltr'>longissimam</span> <span class='ocrx_word' id='word_1_273' title='bbox 1345 2866 1458 2907; x_wconf 87' lang='lat' dir='ltr'>ante</span> <span class='ocrx_word' id='word_1_274' title='bbox 1515 2866 1783 2923; x_wconf 87' lang='lat' dir='ltr'>spectatam</span> 
     </span>
    </p>
   </div>
  </div>
 </body>
</html>
