2020 3262
27 178 44 190 ,,

465 266 536 300 DE
565 266 751 300 REGNo
780 266 876 299 DEI
904 265 1327 301 PER-NATURAM.
1496 260 1581 303 341

197 377 264 426 sit
285 385 488 443 propter
511 378 644 443 quod
662 395 774 427 eum
797 385 963 426 ament
985 386 1071 426 aut
1094 378 1316 437 timeant,
1342 380 1436 428 illis
1457 388 1589 429 certe
1632 401 1760 433 secr.
1781 401 1850 434 111.

1718 453 1770 484 15.

199 531 269 578 tis
309 547 419 595 quae
460 531 739 595 significant
779 529 1171 594 magnitudinem
1213 537 1263 576 et
1289 530 1588 592 potentiam,
1608 544 1828 617 {Quaemmtffi

1620 597 1686 625 eges
1709 599 1748 617 na
1826 598 1857 617 es

1610 631 1690 660 circa
1704 632 1759 660 Dei

197 461 272 503 est
294 462 529 519 tanquam
552 471 652 503 non
676 454 944 502 exsisteret.
1016 454 1273 512 Praeterea,
1299 455 1350 501 in
1375 456 1591 503 attribu-

197 622 271 666 ea,
296 623 405 670 quae
438 607 632 655 finitum
664 622 750 654 seu
784 605 1163 653 determinatum
1187 604 1388 667 aliquod
1410 605 1592 668 signifi-

195 689 326 742 cant,
361 683 562 731 minime
597 683 737 747 signa
773 698 876 730 esse
916 681 1068 730 animi
1102 680 1406 729 honorantis.
1477 681 1592 729 Non
1609 676 1757 704 attributa·

195 757 327 806 enim
350 759 510 807 Deum
533 758 681 823 digne
703 758 1015 817 honoramus,
1037 757 1079 805 si
1101 757 1263 804 minus
1287 756 1333 804 ei
1353 758 1592 820 potentiae

193 840 282 882 aut
331 834 697 900 magnitudinis
750 833 1064 882 attribuimus
1111 849 1259 897 quam
1315 848 1589 896 possumus.

194 909 411 958 Finitum
445 917 610 959 autem
645 925 789 959 omne
823 910 985 958 minus
1021 916 1096 958 est
1129 925 1278 972 quam
1301 924 1588 972 possumus;

192 986 334 1034 finito
353 986 484 1035 enim
501 988 658 1050 majus
679 1002 871 1049 semper
889 986 1128 1049 assignari
1152 992 1202 1033 et
1225 985 1430 1033 attribui
1452 985 1589 1033 facil-

191 1061 307 1109 lime
347 1069 525 1126 potest.
603 1062 716 1110 Non
748 1061 910 1124 igitur
950 1061 1055 1109 Deo
1096 1061 1337 1109 tribueter
1367 1061 1553 1125 figura
1570 1080 1589 1116 ,-

191 1137 350 1186 omnis
385 1138 517 1186 enim
523 1137 710 1202 figura
720 1138 896 1200 finita.
969 1138 1143 1201 Neque
1180 1137 1372 1185 dicetur
1396 1137 1588 1200 concipi

190 1213 292 1262 sive
315 1214 665 1278 comprehendi
697 1213 1063 1277 imaginatione,
1088 1214 1166 1262 vel
1190 1230 1481 1278 quacunque
1516 1214 1588 1261 fa-

186 1289 370 1337 cultate
393 1290 570 1337 animae
592 1298 807 1343 nostrae3
845 1289 1079 1353 quicquid
1109 1290 1239 1338 enim
1265 1290 1584 1353 concipimus,

186 1365 382 1413 finitum
402 1372 492 1413 est.
539 1366 604 1413 Et
627 1382 923 1429 quamquam
946 1383 1039 1414 vox
1063 1367 1185 1426 haec,
1212 1366 1470 1428 infinitum,
1491 1366 1586 1429 sig-

185 1440 354 1489 nificet
377 1448 669 1505 conceptum
689 1441 854 1500 animi,
880 1458 979 1489 non
1015 1449 1180 1489 tamen
1214 1441 1433 1504 sequitur
1469 1457 1586 1488 con-

186 1524 386 1580 ceptum
408 1517 551 1565 nobis
581 1517 795 1580 aliquem
830 1533 935 1565 esse
968 1517 1046 1564 rei
1079 1517 1301 1579 iifinitce.
1373 1516 1585 1565 Quando

185 1593 318 1641 enim
341 1592 548 1640 dicimus
572 1593 757 1656 aliquid
785 1608 888 1640 esse
914 1592 1174 1654 infinitum,
1199 1609 1300 1640 non
1323 1592 1508 1655 aliquid
1532 1592 1583 1640 in

185 1684 239 1717 re
263 1668 610 1732 significamus,
636 1668 723 1716 sed
746 1668 1087 1732 impotentiam
1110 1668 1162 1715 in
1194 1668 1357 1716 animo
1382 1675 1552 1716 nostro
1572 1690 1583 1725 ;

185 1751 423 1808 tanquam
448 1744 489 1792 si
513 1743 784 1792 diceremus
802 1744 991 1791 nescire
1021 1760 1126 1803 nos,
1152 1760 1215 1791 an
1240 1752 1289 1792 et
1312 1743 1396 1791 ubi
1419 1744 1586 1791 termi-

185 1826 348 1868 netur.
418 1819 593 1883 Neque
629 1816 727 1867 dici
762 1819 822 1867 de
858 1820 963 1868 Deo
986 1820 1271 1879 honorifice,
1297 1819 1430 1883 quod
1466 1820 1583 1867 idea

185 1897 294 1959 ejas
317 1895 482 1944 animo
506 1903 677 1944 nostro
701 1896 847 1951 insit3
886 1896 1001 1944 idea
1027 1896 1158 1944 enim
1181 1903 1450 1960 conceptus
1474 1912 1584 1944 nos-

184 1978 263 2020 ter
281 1978 384 2027 est3
420 1980 687 2035 conceptus
705 1979 871 2020 autem
889 1972 983 2020 nisi
989 1972 1139 2034 finiti
1158 1989 1257 2020 non
1275 1980 1365 2020 est.
1408 1973 1582 2035 Neque

186 2047 319 2112 quod
351 2048 532 2096 habeat
556 2054 759 2112 partes,
795 2056 882 2096 aut
917 2047 1049 2111 quod
1083 2048 1146 2096 sit
1178 2055 1330 2096 totam
1366 2048 1581 2112 aliquid3

185 2140 294 2188 quae
318 2124 557 2172 attributa
574 2140 768 2188 quoque
776 2124 1044 2187 finitorum
1063 2132 1193 2173 sunt.
1254 2125 1427 2188 Neque
1447 2124 1582 2188 quod

183 2199 237 2248 in
260 2199 370 2248 loeo
395 2199 560 2263 aliquo
585 2200 677 2256 sit;
714 2199 764 2248 in
790 2199 898 2247 loco
923 2199 1055 2247 enim
1086 2216 1188 2248 non
1217 2207 1306 2260 est,
1330 2200 1425 2248 nisi
1450 2200 1583 2264 quod

182 2274 500 2339 undiquaque
508 2275 647 2337 fines
671 2282 721 2323 et
744 2276 979 2324 terminos
1002 2275 1182 2324 habeat
1211 2276 1579 2340 magnitudinis.

183 2351 359 2416 Neque
399 2351 532 2416 quod
572 2358 825 2400 moveatur
866 2360 953 2400 aut
998 2352 1226 2416 quiescat
1245 2371 1264 2408 ;
1316 2360 1581 2415 utrumque

183 2428 315 2495 enim
356 2427 590 2492 supponit
626 2445 736 2475 esse
773 2427 824 2475 in
866 2427 991 2475 loeo.
1063 2427 1236 2491 Neque
1276 2427 1440 2491 plures
1476 2443 1581 2476 esse

182 2505 343 2560 Deos3
379 2504 496 2568 quia
517 2520 609 2551 nec
638 2504 780 2567 plura
803 2502 1010 2551 infinita.
1080 2504 1248 2563 Porro,
1274 2504 1406 2551 circa
1428 2504 1581 2551 attri-

183 2579 303 2629 bata
306 2579 615 2644 felicitatis,
639 2579 843 2643 indigna
878 2579 983 2627 Deo
1020 2595 1078 2627 ea
1112 2595 1217 2627 esse
1254 2595 1363 2643 quae
1395 2579 1580 2643 signifi-

182 2663 297 2705 cant
329 2655 550 2704 dolorem
590 2656 705 2717 (nisi
739 2655 1092 2719 intelligantur,
1128 2672 1228 2704 non
1261 2672 1350 2720 pro
1382 2657 1576 2716 affectu,

182 2732 269 2781 sed
289 2748 378 2796 per
400 2732 750 2796 metonymiam
766 2748 856 2795 pro
881 2732 1078 2794 effectu)
1107 2732 1269 2795 qualia
1286 2739 1400 2779 sunt
1409 2733 1577 2796 poeni-

183 2809 359 2868 tentia,
378 2807 477 2868 ira,
496 2807 850 2856 misericordia
866 2826 885 2862 ;
920 2807 999 2855 vel
1022 2814 1314 2872 egestatem,
1338 2814 1395 2856 ut
1418 2824 1571 2872 appe-

183 2883 321 2943 titas,
358 2900 490 2948 spes,
533 2883 956 2948 eoncupiscentia,
999 2892 1049 2931 et
1090 2901 1228 2932 canor
1268 2884 1366 2943 ille,
1407 2885 1490 2948 qui
1526 2892 1576 2933 et
