2020 3262
289 202 378 244 136
700 211 965 248 EPISTOLA
991 212 1383 247 DEDICATORIA.

282 346 539 395 virtutibus
578 348 726 411 pacis,
761 347 824 396 ad
859 348 1221 397 similitudinem
1257 348 1349 396 Dei
1385 346 1661 403 acceditur3
1700 347 1781 396 hic

282 453 482 510 propter
503 448 739 496 malorum
761 448 1063 511 pravitatem,
1098 447 1443 496 recurrendum
1477 447 1622 495 etiam
1642 448 1782 495 bonis

283 552 372 603 est,
408 545 448 593 si
472 562 521 593 se
544 547 671 594 tueri
692 546 877 604 volunt,
897 547 959 605 ad
976 547 1180 594 virtutes
1198 546 1394 594 bellicas
1417 545 1515 593 vim
1534 553 1583 593 et
1601 544 1781 603 dolum,

284 644 336 692 id
379 652 468 702 est,
503 646 566 693 ad
596 646 802 694 ferinam
841 647 1171 709 rapacitatem.
1243 646 1403 694 Quam
1438 645 1529 692 etsi
1564 645 1784 692 homines

283 761 372 809 pro
408 746 617 794 convitio
652 747 858 794 invicem
888 747 1132 809 objiciant,
1170 762 1304 794 more
1327 746 1509 803 innato,
1546 744 1677 793 facta
1699 761 1786 792 sua

284 845 335 892 in
357 846 574 908 personis
598 846 815 904 aliorum,
841 854 1071 908 tanquam
1095 846 1146 893 in
1169 845 1363 909 speculo
1382 844 1575 892 sinistra
1598 843 1784 902 dextra,

285 945 457 992 dextra
470 945 663 992 sinistra
685 945 1036 999 existimantes3
1060 945 1231 992 vitium
1255 952 1418 991 tamen
1434 959 1536 991 esse
1553 959 1650 990 non
1671 943 1786 991 sinit

284 1043 556 1106 profectum
590 1060 619 1090 a
652 1044 938 1096 necessitate
963 1043 1338 1091 conservationis
1360 1042 1567 1105 propriae
1596 1043 1677 1105 jus
1699 1058 1786 1090 na-

285 1141 455 1189 turale.
540 1143 683 1191 Quod
722 1149 884 1190 autem
922 1143 1109 1202 Catoni,
1143 1144 1247 1191 viro
1288 1143 1536 1206 sapientiae
1576 1143 1787 1191 celebra-

286 1241 499 1300 tissimae,
539 1242 703 1289 odium
737 1259 826 1305 pro
862 1243 1063 1305 judicio,
1103 1244 1302 1290 affectus
1345 1258 1434 1305 pro
1474 1242 1660 1290 ratione
1695 1242 1786 1290 im-

286 1355 466 1402 ponere
499 1340 550 1387 in
583 1347 774 1388 tantum
810 1343 986 1405 potuit,
1021 1349 1078 1389 ut
1117 1342 1247 1405 quod
1284 1357 1475 1404 aequum
1511 1342 1562 1389 in
1606 1342 1785 1405 populo

287 1453 390 1496 suo,
415 1437 543 1485 idem
566 1454 704 1501 reges
726 1438 884 1487 facere
907 1440 1127 1503 iniquum
1150 1447 1382 1499 censeret,
1402 1441 1567 1489 mirari
1583 1441 1788 1488 fortasse

288 1537 370 1585 alii
402 1544 661 1601 poterunt3
697 1555 787 1603 ego
824 1557 938 1588 sane
972 1542 1024 1588 in
1055 1557 1112 1588 ea
1148 1542 1374 1605 opinione
1408 1543 1510 1605 jam
1545 1542 1630 1590 diu
1664 1558 1786 1601 sum,

287 1652 446 1700 neque
470 1639 715 1701 egregiam
744 1640 1031 1688 sententiam
1067 1656 1282 1704 unquam
1307 1641 1453 1689 fuisse
1477 1658 1584 1704 quae
1606 1642 1790 1705 placuit

288 1737 483 1800 populo,
503 1754 660 1801 neque
678 1739 964 1802 sapientiam
977 1740 1164 1803 vulgari
1181 1741 1413 1803 majorem
1429 1740 1575 1804 vulgo
1594 1740 1791 1804 agnosci

289 1851 452 1898 posse;
478 1837 655 1900 quippe
679 1855 823 1901 quam
848 1839 922 1886 vel
945 1855 1043 1887 non
1065 1839 1356 1902 intelligunt,
1375 1839 1453 1886 vel
1468 1839 1791 1902 intelligentes

291 1941 501 1994 aequant.
571 1934 850 1982 Graecorum
873 1936 1298 1998 Romanorumque
1321 1935 1452 1983 facta
1483 1942 1532 1983 et
1567 1935 1696 1982 dicta
1713 1951 1791 1983 ce-

291 2030 443 2078 lebria
464 2047 563 2079 non
592 2033 734 2089 ratio,
776 2033 862 2080 sed
896 2033 1198 2095 magnitudo,
1235 2040 1286 2080 et
1322 2048 1448 2095 saepe
1481 2031 1601 2079 illud
1634 2032 1791 2095 ipsum

291 2130 526 2192 lupinum,
544 2132 675 2194 quod
688 2140 856 2180 mutuo
873 2133 1181 2195 exprobrant,
1196 2132 1409 2180 historiae
1423 2131 1790 2190 commendavit,

295 2247 403 2293 quae
435 2248 533 2279 una
569 2249 678 2280 cum
708 2233 914 2296 publicis
950 2233 1220 2280 actionibus
1255 2239 1442 2280 actores
1476 2247 1564 2295 per
1598 2247 1792 2279 cursum

295 2332 565 2380 seculorum
589 2333 799 2381 devolvit
822 2334 1193 2396 qualescunque.
1264 2333 1509 2396 Sapientia
1534 2347 1650 2379 vera
1670 2331 1792 2379 nihil

295 2431 426 2478 aliud
460 2439 532 2480 est
567 2449 711 2496 quam
737 2433 789 2480 in
817 2433 949 2480 omni
972 2432 1177 2480 materia
1197 2432 1414 2480 veritatis
1439 2431 1651 2479 scientia.
1720 2431 1792 2479 Ea

294 2546 424 2590 vero,
461 2548 571 2579 cum
594 2549 623 2580 a
645 2534 878 2580 memoria
899 2549 1062 2580 rerum
1083 2549 1171 2595 per
1193 2532 1536 2596 appellationes
1560 2538 1718 2578 certas
1741 2538 1792 2578 et

296 2628 519 2677 definitas
543 2630 753 2678 excitata
776 2630 1034 2689 derivetur,
1053 2647 1152 2678 non
1170 2630 1317 2678 animi
1334 2629 1457 2677 acris
1481 2635 1531 2675 et
1552 2628 1792 2691 repentini

295 2728 519 2791 impetus,
555 2730 640 2777 sed
677 2730 879 2777 rationis
912 2736 1074 2788 rectae,
1109 2729 1160 2776 id
1194 2736 1283 2787 est,
1319 2727 1635 2791 philosophiae
1671 2743 1791 2790 opus

297 2837 385 2877 est.
454 2830 544 2878 Per
560 2831 685 2878 hanc
703 2830 831 2878 enim
849 2847 878 2879 a
894 2846 1056 2878 rerum
1074 2830 1369 2893 singularum
1387 2827 1793 2892 contemplatione
