1994 3276
201 409 328 443 SECT.
350 411 418 444 Ill.

286 462 336 493 18.

462 269 559 312 418
1026 284 1272 318 immolo.

461 406 587 450 rum,
612 390 671 438 id
698 391 833 455 quod
859 393 1101 452 creditur,
1131 411 1322 458 semper
1347 397 1639 460 propositio
1676 404 1764 454 est,
1794 399 1847 447 id

462 473 550 525 est,
576 467 731 515 oratio
765 468 1010 517 affirmans
1033 471 1110 517 vel
1144 487 1343 534 neganS,
1371 487 1517 534 quam
1545 488 1710 520 veram
1744 489 1846 522 esse

177 552 258 584 Quid
273 554 311 580 sit
324 553 443 585 fides‚et
463 541 789 590 concedimus.
860 544 957 591 Sed
998 546 1227 608 quoniam
1259 547 1595 595 conceduntur
1625 549 1846 611 proposi-

175 596 319 632 quomodo
344 596 443 623 distin-

175 643 282 674 guntur
301 648 318 666 a
335 639 440 676 proses‘
461 616 618 664 tiones
652 625 853 680 propter
888 619 1102 667 diversas
1139 636 1322 680 causas,
1356 621 1535 669 accidit
1568 623 1847 686 hujusmodi

176 682 264 716 sione,
278 691 295 710 a
314 682 444 716 scientia,

175 727 204 752 et
224 726 261 753 ab
280 726 422 762 opinione.

462 692 799 740 concessiones
819 693 1008 741 diverse
1022 696 1278 743 nominari.
1339 697 1663 746 Concedimus
1681 706 1847 746 autem

461 767 752 832 quandoque
788 769 1161 832 propositiones,
1193 787 1310 833 quas
1343 778 1508 820 tamen
1544 772 1595 820 in
1631 773 1847 822 animum

458 858 559 890 non
604 843 879 906 recipimus.
950 844 1103 907 quue
1139 845 1217 892 vel
1257 845 1320 892 ad
1356 852 1563 909 tempus,
1599 848 1845 908 nimirum,

458 918 697 981 tantisper
715 918 870 966 donec
886 935 945 967 ex
964 920 1285 968 consideratis
1304 923 1664 984 consequentiis
1679 939 1846 972 earum

457 993 714 1041 veritatem
760 995 1210 1055 examinaverimus,
1252 996 1385 1060 quod
1420 1005 1622 1045 vocatur
1661 1015 1846 1063 suppo-

458 1084 578 1115 nere
596 1087 616 1123 ;
650 1069 727 1116 vel
762 1070 910 1117 etiam
945 1070 1245 1133 simpliciter,
1269 1080 1326 1119 ut
1350 1080 1487 1120 metu
1509 1073 1689 1136 legum,
1715 1073 1847 1137 quod

458 1151 534 1190 est
557 1144 799 1207 profiteri
821 1146 898 1192 vel
930 1146 1160 1208 confiteri
1190 1147 1341 1210 signis
1374 1149 1624 1204 externis3
1660 1149 1737 1197 vel
1760 1150 1846 1198 ob-

459 1219 613 1281 sequii
637 1220 891 1282 spontanei
915 1236 1076 1280 causa,
1094 1222 1224 1284 quod
1241 1222 1427 1270 faciunt
1443 1223 1664 1273 homines
1683 1226 1846 1274 animo

458 1293 589 1340 civili
612 1310 729 1357 erga
752 1310 849 1352 eos,
870 1310 992 1358 quos
1015 1304 1316 1356 reverentur,
1336 1305 1385 1346 et
1403 1315 1520 1362 erga
1539 1300 1658 1348 alios
1684 1301 1845 1349 studio

456 1368 606 1430 pacis,
631 1368 683 1415 id
707 1368 839 1431 quod
861 1369 1144 1432 simpliciter
1167 1373 1438 1420 concedere
1462 1382 1550 1422 est.
1621 1376 1846 1438 Proposi-

456 1444 615 1491 tiones
635 1450 814 1502 autem,
834 1461 953 1507 quas
978 1461 1067 1508 pro
1084 1447 1212 1494 veris
1235 1448 1511 1511 recipimus,
1533 1451 1845 1499 concedimus

457 1535 648 1581 semper
670 1526 871 1582 propter
894 1520 1079 1583 aliquas
1108 1522 1323 1570 rationes
1347 1531 1552 1572 nostras.
1620 1526 1705 1574 Eae
1728 1543 1844 1574 vero

458 1594 742 1642 derivantur
764 1595 841 1642 vel
865 1596 925 1643 ab
950 1596 1056 1659 ipsa
1087 1598 1453 1661 propositione,
1477 1600 1555 1648 vel
1577 1617 1607 1648 a
1619 1617 1846 1664 persona

446 1671 802 1734 proponentis.
873 1671 1172 1719 Derivantur
1201 1679 1365 1720 autem
1389 1675 1450 1721 ab
1475 1674 1591 1738 ipsa
1605 1676 1847 1739 proposi-

458 1745 608 1804 tione,
624 1746 900 1794 revocando
924 1747 974 1794 in
998 1747 1285 1795 memoriam
1304 1749 1478 1811 quibus
1502 1750 1647 1797 rebus
1666 1750 1847 1813 signifi-

457 1821 626 1868 candis
678 1822 894 1880 nomina,
942 1838 1001 1869 ex
1049 1822 1221 1885 quibus
1272 1825 1542 1887 propositio
1590 1826 1846 1885 conflatur,

457 1897 705 1944 communi
729 1913 969 1945 consensu
991 1905 1317 1960 usurpantur3
1355 1900 1485 1962 quod
1506 1900 1546 1947 si
1565 1901 1668 1958 fiat,
1687 1917 1849 1949 assen-

457 1987 552 2030 sus,
579 1988 723 2034 quem
747 1972 1034 2034 praebemus,
1062 1973 1241 2020 dicitur
1264 1974 1412 2022 scire.
1472 1975 1523 2022 Si
1545 1991 1661 2024 vero
1684 1992 1847 2025 recor-

457 2047 563 2094 dari
578 2064 677 2094 non
695 2048 952 2110 possimus,
974 2048 1089 2111 quid
1115 2056 1248 2097 certo
1271 2066 1359 2112 per
1377 2066 1435 2098 ea
1451 2051 1652 2099 nomina
1667 2051 1847 2099 intelli-

455 2122 670 2184 gendum
695 2122 771 2181 sit,
793 2123 880 2170 sed
903 2123 1051 2171 modo
1075 2124 1169 2172 hoc
1193 2124 1402 2184 videtur,
1421 2126 1567 2174 modo
1585 2126 1720 2186 illud,
1739 2135 1845 2175 tum

455 2198 664 2245 dicimur
701 2198 921 2262 opinari.
990 2200 1213 2262 Exempli
1250 2216 1423 2248 causa:
1466 2201 1507 2248 si
1541 2202 1844 2265 propositum

455 2273 534 2331 sit,
561 2274 657 2320 cluo
682 2280 732 2321 et
757 2274 861 2321 tria
889 2291 999 2322 esse
1022 2275 1239 2339 quinque
1253 2294 1273 2331 ;
1308 2277 1583 2325 revocando
1607 2284 1769 2325 autem
1792 2277 1844 2324 in

454 2349 740 2397 memoriam
764 2349 986 2397 ordinem
1009 2350 1262 2398 nominum
1285 2352 1624 2412 numeralium,
1643 2351 1715 2399 ita
1730 2367 1844 2399 con-

457 2440 604 2471 sensu
640 2425 887 2473 communi
922 2441 1105 2485 eorum,
1131 2427 1214 2489 qui
1250 2427 1467 2490 ejusdem
1504 2432 1616 2476 sunt
1649 2427 1842 2490 linguae,

460 2499 620 2562 (quasi
643 2508 788 2562 pacto
814 2501 1027 2564 quodam
1052 2502 1276 2549 societati
1306 2502 1532 2551 humanae
1548 2502 1838 2563 necessario)

455 2575 777 2622 constitutum
819 2592 938 2634 esse,
976 2583 1033 2624 ut
1069 2577 1318 2639 quinarius
1358 2578 1562 2626 totidem
1598 2577 1842 2624 unitatum

452 2666 633 2697 nomen
657 2651 737 2709 sit,
764 2652 896 2714 quod
918 2652 969 2699 in
991 2652 1181 2701 binario
1209 2661 1261 2700 et
1294 2654 1507 2701 ternario
1532 2653 1843 2701 continentur

454 2725 596 2772 simul
613 2726 839 2789 sumptis3
866 2743 923 2774 ac
937 2728 1227 2775 assentiatur
1243 2729 1349 2791 quis
1365 2745 1530 2776 verum
1538 2728 1589 2775 id
1602 2727 1711 2775 ideo
1720 2744 1839 2788 esse,

455 2800 569 2862 quia
604 2801 701 2849 duo
737 2809 788 2849 et
820 2802 917 2850 tria
950 2803 1092 2851 simul
1126 2804 1254 2851 idem
1292 2812 1405 2852 sunt
1440 2804 1570 2867 quod
1598 2803 1839 2867 quinque;

456 2874 646 2923 dicetur
680 2891 904 2925 assensus
938 2877 1019 2925 ille
1054 2879 1284 2927 seientia.
1352 2879 1416 2927 Et
1439 2879 1560 2927 scire
1582 2879 1863 2950 veritatem!
