1962 3242
161 373 286 406 SECT.
305 373 355 405 11.

245 424 274 454 1.-

186 2086 350 2114 Nun-itione
360 2094 366 2112 τ

405 232 435 273 2
920 241 990 274 DE
1017 240 1256 274 HOMINE.

405 349 588 398 factum
628 365 731 398 esse
771 367 919 410 mare,
958 367 1017 398 ex
1063 350 1367 398 solidioribus
1406 357 1601 408 terram,
1638 348 1776 398 initio

408 426 604 490 quidem
627 426 741 474 satis
764 434 995 485 teneram,
1020 433 1190 489 postea
1207 442 1321 474 vero
1340 442 1369 473 a
1388 424 1643 488 splendore
1666 425 1779 472 solis

407 502 586 550 factam
632 502 1020 564 compactiorem.
1097 501 1208 550 Qua
1246 501 1448 549 mollitie
1488 499 1689 558 telluris,
1728 499 1780 547 in

408 577 526 624 locis
562 577 652 624 soli
687 577 1070 639 subjectioribus,
1106 576 1291 624 factum
1323 592 1424 624 esse
1462 577 1614 638 ajunt,
1645 575 1780 622 utin

410 652 528 699 locis
551 651 794 715 paludosis
818 646 1031 699 tumores
1055 651 1154 699 sive
1171 652 1378 714 pustulae
1397 650 1621 714 quaedam
1644 665 1781 697 enas—

413 735 653 785 cerentur,
699 727 1054 774 membranulas
1091 727 1326 774 habentes
1366 743 1425 774 ex
1463 726 1636 789 quibus
1670 731 1783 788 post

411 802 620 864 perustis
634 802 982 865 perfractisque
1000 819 1142 850 omne
1156 818 1308 865 genus
1323 801 1618 858 animalium,
1635 800 1783 847 etiam

414 877 650 936 homines,
684 876 1079 924 excludebantur.
1149 877 1426 940 Propinqua
1453 875 1648 938 quidem
1677 874 1783 922 haec

413 959 526 999 sunt
548 952 606 999 iis
632 967 739 1014 quae
767 951 1025 999 traduntur
1057 952 1108 999 in
1141 952 1299 1015 capite
1329 951 1486 1014 primo
1524 950 1783 1007 Genea-eos,

413 1027 498 1075 sed
524 1043 623 1075 non
657 1026 840 1074 eadem.
909 1027 1037 1075 Nam
1074 1027 1399 1074 discesserunt
1435 1025 1631 1088 quidem
1668 1041 1698 1072 a
1733 1039 1784 1071 se

412 1102 618 1149 invicem
643 1116 860 1163 corpora,
890 1108 939 1148 et
969 1101 1031 1148 ad
1062 1117 1149 1148 sua
1181 1116 1384 1164 quaeque
1419 1100 1525 1148 loca
1561 1099 1786 1147 abierunt

412 1177 745 1239 homogenea3
782 1176 867 1223 sed
895 1183 1094 1239 propter
1125 1183 1313 1223 motum
1350 1175 1546 1238 spiritus
1570 1174 1678 1233 Dei,
1702 1172 1787 1237 qui

414 1267 557 1314 super
586 1252 718 1298 illam
751 1252 912 1314 abyssi
945 1251 1119 1298 faciem
1155 1267 1303 1298 unam
1337 1251 1599 1298 ferebatur.
1669 1250 1785 1296 Pro-

416 1326 556 1374 duxit
601 1327 747 1374 etiam
784 1334 916 1374 terra
961 1342 1104 1374 omne
1145 1342 1297 1389 genus
1337 1325 1652 1380 animalium;
1701 1323 1787 1371 sed

417 1401 596 1448 virtute
620 1401 754 1448 verbi
789 1401 954 1459 divini,
991 1408 1040 1448 et
1074 1408 1277 1463 excepto
1311 1400 1524 1459 homine,
1561 1399 1644 1462 qui
1677 1405 1789 1462 post

417 1483 593 1523 caetera
623 1476 850 1523 animalia
884 1476 946 1523 ad
981 1476 1072 1523 Dei
1096 1475 1460 1523 similitudinem
1483 1481 1674 1522 creatus
1698 1481 1787 1521 est.

416 1550 647 1597 Attamen
677 1551 760 1613 qui
794 1551 862 1597 sic
896 1551 1220 1613 philosophati
1255 1557 1383 1608 sunt,
1420 1556 1654 1612 quantum
1685 1549 1790 1595 sine

418 1625 711 1674 revelatione
740 1625 904 1673 divina
936 1626 1127 1688 assequi
1161 1626 1300 1673 licuit
1334 1632 1528 1672 tantum
1564 1624 1792 1672 videntur

419 1700 677 1763 assequuti.
747 1701 906 1748 Prima
929 1701 1058 1748 enim
1079 1700 1291 1748 universi
1324 1700 1573 1763 generatio
1610 1706 1660 1747 et
1693 1698 1791 1746 dis-

420 1776 611 1834 solutio,
656 1775 749 1822 nisi
794 1775 1037 1823 conditori
1081 1776 1200 1838 ejus,
1245 1775 1428 1822 nemini
1473 1775 1668 1838 cognita
1702 1780 1791 1822 est.

422 1851 630 1898 Primam
653 1867 768 1913 ergo
791 1851 983 1913 generis
1012 1850 1212 1898 humani
1247 1850 1484 1913 originem
1517 1850 1665 1898 talem
1687 1864 1792 1898 esse

422 1926 661 1972 credimus
692 1927 883 1988 qualem
912 1927 962 1973 in
985 1927 1091 1989 lege
1124 1941 1262 1973 sacra
1292 1943 1321 1973 a
1355 1926 1529 1989 Moyse
1563 1926 1793 1974 traditam

423 2000 692 2048 didicimus.

489 2082 535 2123 2.
573 2076 787 2123 Nutritio
810 2076 1019 2123 hominis
1053 2076 1294 2139 quomodo
1331 2091 1391 2123 ex
1426 2075 1544 2123 cibis
1579 2075 1793 2138 quotidie

422 2151 687 2213 perficitur,
712 2150 871 2198 sensui
894 2151 995 2198 fere
1013 2151 1322 2198 manifestum
1341 2157 1429 2198 est.
1500 2150 1646 2198 Cibus
1664 2150 1793 2197 enim

425 2234 560 2273 motu
583 2226 680 2284 illo,
706 2242 848 2288 quem
873 2226 1239 2289 deglutitionem
1257 2226 1475 2285 dicimus,
1496 2225 1719 2288 dejicitur
1741 2225 1793 2273 in

425 2300 763 2348 ventriculum.
832 2301 1142 2348 Ventriculus
1174 2309 1312 2348 motu
1337 2300 1548 2364 quodam
1571 2300 1663 2348 sibi
1684 2316 1794 2364 pro-

424 2376 530 2438 prio
555 2376 796 2438 dejectum
823 2378 991 2439 jactat,
1029 2376 1098 2423 ita
1132 2384 1188 2423 ut
1226 2377 1427 2424 misceat
1466 2383 1515 2423 et
1553 2376 1792 2430 emolliat3

427 2450 675 2512 truditque
716 2450 766 2497 in
800 2450 1043 2498 intestina.
1113 2452 1349 2499 Intestina
1383 2451 1648 2499 emollitum
1680 2467 1794 2514 pro-

426 2526 645 2583 trudunt,
680 2533 730 2572 et
762 2533 952 2588 partem
984 2527 1086 2588 ejus
1117 2526 1464 2584 tenuissimam,
1499 2525 1551 2572 id
1584 2533 1659 2573 est
1682 2526 1795 2589 chy-

428 2602 543 2659 lum,
581 2617 668 2663 per
706 2608 894 2648 motum
932 2602 1300 2664 peristalticum,
1341 2608 1524 2664 cogunt
1562 2601 1613 2648 in
1648 2616 1796 2648 venas

429 2676 638 2730 lacteas;
675 2693 810 2724 venae
833 2677 1001 2724 lacteae
1025 2677 1076 2724 in
1100 2677 1435 2735 subclaviares,
1454 2677 1531 2724 hae
1553 2677 1604 2724 in
1628 2693 1797 2725 cavam

433 2759 725 2806 exonerant;
761 2768 884 2800 vena
921 2769 1038 2800 cava
1070 2753 1120 2800 in
1158 2769 1256 2812 cor,
1294 2752 1378 2799 ubi
1414 2768 1525 2799 cum
1563 2752 1797 2816 sanguine

431 2826 685 2881 miscetur;
723 2835 772 2874 et
800 2844 883 2875 cor
914 2829 964 2875 in
997 2829 1211 2876 arterias.
1281 2829 1473 2876 Partem
1500 2835 1662 2876 autem
1693 2828 1797 2890 ejus
