2020 3262
224 392 351 424 SECT.
374 391 445 425 111.

312 443 359 474 17.

200 2341 346 2370 Vaticinia
359 2342 396 2370 de

202 2385 310 2413 Christi
330 2384 444 2412 humili-

200 2432 260 2457 tate
273 2432 301 2457 et
312 2428 455 2466 passione.

487 247 581 299 374
1051 267 1297 300 RELIGIO.

484 378 579 419 etc.
606 371 732 420 Post
754 372 854 421 hoee
874 374 924 422 in
953 376 1107 423 terris
1126 377 1260 423 visas
1278 383 1369 436 est,
1390 383 1439 424 et
1463 393 1569 423 cum
1589 377 1865 426 hominibus

485 455 805 496 conversatas
829 457 918 498 est.
987 452 1212 499 Ezechiel
1235 453 1415 513 (xxxiv.
1433 453 1518 514 23)
1543 471 1553 499 :
1598 453 1864 501 Suseitabo

484 540 638 587 saper
660 541 748 571 eas
778 533 1032 589 pastorem
1058 544 1199 574 unam
1218 527 1305 590 qui
1334 534 1520 591 paseat
1544 544 1648 586 eaS,
1672 544 1864 576 servum

483 615 633 646 meam
667 599 855 659 David,
893 602 1166 664 etfaciam
1207 619 1312 650 eam
1351 603 1425 649 eis
1454 609 1662 666 pactam
1691 603 1863 667 pacis.

483 673 657 722 Daniel
686 675 787 737 (vii.
811 682 885 735 13,
909 679 989 738 14)
1012 697 1023 724 ε
1093 677 1416 741 Aspiciebam
1441 694 1565 741 ergo
1594 678 1646 725 in
1668 677 1862 725 visione

483 750 659 809 noetis,
676 757 726 797 et
740 767 852 798 eece
869 768 973 798 cam
990 751 1197 799 nabibus
1211 752 1326 799 eoelz'
1340 752 1636 816 quasifilias
1654 752 1864 800 hominis

481 824 724 884 veniebat,
749 832 799 873 et
823 843 976 890 usque
1000 827 1071 874 ad
1104 827 1357 890 antiquam
1389 828 1578 874 dieram
1596 827 1861 891 pervenit:

482 906 533 947 et
564 901 706 948 dedit
728 903 777 948 ei
803 909 1110 965 potestatem
1150 909 1200 950 et
1228 902 1458 950 honorem
1482 910 1532 949 et
1555 918 1776 967 regnum,
1814 908 1866 950 et

482 993 645 1024 omnes
669 977 869 1041 populi,
894 984 944 1025 et
977 978 1138 1025 tribas
1173 986 1223 1026 et
1260 978 1446 1042 [ἐπέζησε
1482 978 1585 1042 ipsi
1620 978 1864 1033 serviere&

472 1059 710 1116 potestas
733 1054 839 1115 ejus
863 1060 1094 1117 potestas
1120 1061 1321 1102 aeterna.
1390 1054 1602 1117 Aggaeus
1632 1054 1701 1116 (ii.
1719 1055 1765 1112 7,
1785 1054 1834 1116 8)
1850 1072 1865 1101 t

480 1126 661 1174 Adhuc
707 1144 850 1175 anum
896 1128 1135 1175 modicum
1187 1135 1278 1187 est,
1322 1135 1372 1176 et
1422 1145 1517 1192 ego
1560 1128 1863 1176 commovebo

482 1201 655 1249 ooelum
693 1208 744 1248 et
779 1209 981 1261 terram,
1017 1209 1068 1250 et
1103 1220 1239 1250 mare
1274 1210 1323 1250 et
1347 1204 1560 1262 aridam,
1584 1211 1635 1251 et
1668 1202 1865 1251 movebo

482 1293 647 1324 omne-5¹
667 1284 862 1341 gentes,
880 1284 931 1325 et
963 1278 1124 1325 veniet
1159 1279 1479 1326 desideratus
1514 1279 1708 1326 eunetis
1738 1295 1864 1343 gen-

484 1351 629 1399 tibus.
716 1353 972 1400 Zacharias
1014 1353 1102 1414 (iii.
1128 1357 1176 1415 8)
1208 1355 1295 1401 sub
1330 1354 1516 1402 visione
1551 1353 1674 1401 Jesa
1696 1354 1865 1418 magni

483 1428 779 1475 sacerdotis:
849 1428 1111 1475 Adducam
1158 1446 1349 1476 servam
1392 1447 1544 1478 meam
1595 1429 1866 1489 Orientem,

483 1511 577 1551 etc.
647 1504 710 1551 Et
732 1520 899 1551 rursus
923 1503 1143 1566 (Zachar.
1162 1505 1226 1552 vi.
1249 1506 1327 1566 12)
1350 1523 1360 1552 :
1409 1506 1547 1553 Ecce
1564 1505 1658 1564 vir,
1683 1505 1867 1553 Oriens

482 1596 652 1626 nomen
694 1580 817 1642 ejas.
885 1580 950 1626 Et
989 1595 1155 1627 rursus
1191 1580 1412 1640 (Zachar.
1432 1580 1496 1627 ix.
1526 1580 1610 1643 9):
1667 1579 1864 1628 Exalta

481 1656 611 1702 satis
627 1654 752 1716 filia
789 1654 926 1711 Sion,
951 1654 1122 1716 jubila
1142 1654 1267 1716 filia
1303 1655 1599 1714 Jerusalem,
1625 1671 1738 1703 eece
1769 1671 1862 1703 rex

482 1737 595 1777 taus
619 1736 669 1776 et
708 1729 950 1776 salvator.
1021 1730 1114 1776 His
1138 1730 1340 1793 aliisque
1362 1730 1604 1778 vaticiniis
1634 1730 1859 1792 permoti,

481 1812 827 1869 exspectarunt
849 1805 878 1852 J
881 1805 1009 1852 udaei
1033 1805 1295 1864 Christum,
1315 1822 1481 1869 regem
1499 1822 1528 1853 a
1545 1806 1649 1853 Deo
1666 1805 1864 1853 mitten-

482 1881 614 1939 dum,
652 1881 735 1943 qui
770 1881 898 1944 ipsos
944 1880 1224 1939 redimeret,
1268 1889 1319 1928 et
1358 1888 1598 1945 praeterea
1639 1881 1866 1930 omnibus

481 1956 711 2018 gentibus
735 1955 1012 2018 imperaret.
1083 1957 1204 2014 Imo,
1229 1957 1281 2003 in
1304 1964 1463 2004 totum
1485 1956 1742 2020 imperium
1765 1957 1865 2005 Ro-

481 2046 681 2078 manum
734 2031 1021 2078 vaticinium
1070 2039 1394 2091 emanaverat,
1443 2032 1576 2095 quod
1621 2032 1768 2080 etiam
1811 2033 1863 2080 in

481 2106 697 2154 favorem
715 2107 1022 2170 inceptorum
1037 2123 1249 2167 suorum,
1259 2108 1350 2155 etsi
1364 2108 1502 2167 falso,
1517 2108 1866 2171 interpretatus

483 2188 556 2229 est
578 2182 844 2245 imperator
857 2182 1194 2245 Vespasianus,
1214 2199 1276 2229 ea
1294 2181 1472 2231 Judaea
1490 2188 1757 2241 ventarum,
1777 2181 1863 2245 qui

481 2273 648 2304 rerum
665 2257 939 2320 potiretur.

548 2339 595 2380 2.
630 2333 875 2380 Vaticinia
914 2339 1077 2380 autem
1115 2332 1175 2380 de
1215 2331 1494 2380 hnmilitate
1534 2340 1585 2380 et
1619 2330 1864 2397 passione

488 2407 681 2455 Christi
700 2407 828 2454 inter
846 2407 941 2454 alia
962 2408 1067 2455 haec
1087 2414 1231 2454 sunt:
1299 2407 1440 2455 Isaiae
1462 2408 1568 2470 (liii.
1589 2409 1667 2469 4):
1725 2406 1862 2453 Lan-

481 2500 668 2547 guores
700 2489 899 2530 nostros
931 2483 1040 2547 ipse
1065 2482 1196 2541 tulit,
1222 2489 1271 2530 et
1301 2483 1501 2530 dolores
1525 2489 1723 2531 nostro-s·
1750 2481 1862 2546 ipse

476 2559 740 2622 portavit:
775 2565 825 2605 et
849 2575 938 2605 nos
961 2558 1247 2622 putavimus
1282 2575 1387 2605 eum
1419 2558 1565 2622 quasi
1597 2557 1861 2621 leprosum,

483 2640 533 2681 et
552 2651 844 2697 percussam
863 2650 894 2680 a
918 2633 1027 2680 Deo
1051 2640 1101 2680 et
1124 2633 1447 2682 humiliatam.
1502 2634 1565 2681 Et
1583 2649 1695 2680 mox
1717 2637 1862 2694 (vers.

483 2709 535 2771 7)
558 2728 568 2756 :
607 2709 818 2757 Oblatas
842 2717 933 2768 est,
950 2710 1070 2773 qaia
1089 2709 1200 2773 ipse
1222 2709 1391 2767 voluit,
1408 2715 1459 2756 et
1474 2725 1569 2756 non
1587 2707 1789 2771 aperuit
1806 2723 1863 2754 os

484 2801 620 2831 suam
636 2803 653 2832 .·
694 2785 827 2832 sieut
850 2784 955 2831 ovis
979 2784 1051 2831 ad
1079 2784 1370 2831 occisionem
1396 2783 1619 2841 ducetur,
1642 2788 1693 2829 et
1715 2781 1863 2845 quasi

484 2876 647 2923 agnas
683 2877 851 2907 eoram
886 2859 1118 2907 tondente
1158 2875 1212 2906 se
1258 2857 1568 2916 obmutescet,
1615 2863 1708 2905 etc.
1799 2857 1863 2904 Et
