1994 3256
216 388 343 423 SECT.
362 388 412 423 11.

298 441 327 472 3.
427 483 435 513 ἶ

189 2422 221 2452 Si
233 2421 374 2460 objectum

189 2467 301 2495 duobus
314 2464 404 2494 oculis

187 2512 339 2548 spectetur,
347 2508 441 2545 maJus

187 2553 333 2590 apparebit
351 2559 438 2589 quam

187 2597 212 2625 si
225 2605 283 2624 uno
296 2598 407 2623 tantum
413 2604 422 2628 ;

187 2642 217 2668 et
229 2648 292 2677 quae
306 2638 373 2666 inde

187 2684 407 2721 consequuntur.

462 245 525 291 22
977 256 1047 291 DE
1074 256 1315 292 ΗοΜῙΝΕ.

461 368 500 416 C
516 367 571 428 Β,
608 367 660 416 id
674 374 746 417 est
769 384 912 432 quam
935 368 979 417 D
998 369 1052 428 E,
1074 375 1365 417 concurrent
1382 369 1559 417 alicubi
1579 390 1590 425 ;
1627 385 1828 419 concur-

459 450 569 493 rant
585 460 700 508 ergo
723 445 774 492 in
799 446 858 493 K.
927 445 1178 493 Ducantur
1201 453 1362 493 autem
1385 445 1429 493 A
1445 446 1509 504 Η,
1535 447 1579 492 Α
1599 445 1622 494 Ι
1663 461 1826 495 secan-

457 527 529 568 tes
544 520 642 568 DK
658 527 707 567 et
722 521 762 567 E
778 521 823 567 K
841 521 892 568 in
905 521 1096 583 punctis
1120 521 1154 568 L
1172 528 1221 568 et
1244 522 1313 568 M.
1382 521 1503 568 Dico
1529 521 1610 568 HI
1629 521 1821 584 appari-

457 602 621 643 turum
643 610 746 642 esse
778 595 830 642 in
860 595 899 642 L
913 595 982 642 M.
1050 595 1368 658 Apparebunt
1403 596 1530 644 enim
1564 603 1749 659 puncta
1774 596 1821 643 H

460 679 510 720 et
533 672 555 719 I
578 671 629 719 in
661 670 921 718 visualibus
954 670 1093 718 lineis
1127 671 1173 718 A
1188 672 1236 719 H
1266 678 1314 719 et
1335 672 1433 720 AI.
1501 665 1578 719 Et'
1601 671 1830 735 quoniam

461 748 702 811 objectum
736 753 882 810 prout
921 754 1197 795 removetur
1229 747 1419 811 longius
1453 764 1483 795 a
1504 747 1548 795 D
1564 749 1619 806 E,
1643 748 1715 795 ita
1747 763 1832 810 ap-

460 830 598 886 paret
613 822 787 882 minuS‚
812 821 966 870 donec
989 829 1230 871 remotum
1250 839 1402 886 usque
1425 824 1490 872 ad
1514 824 1554 871 B
1576 823 1614 871 C
1632 829 1832 887 apparet

461 899 512 947 in
535 900 572 946 F
587 898 642 957 G,
684 906 732 945 et
775 897 973 945 tandem
1002 898 1202 946 ulterius
1243 905 1482 946 remotum
1524 905 1728 963 apparet
1775 906 1833 947 ut

461 981 695 1038 punctum
716 973 768 1020 in
792 974 837 1021 K
866 973 1016 1036 (quod
1037 980 1273 1036 punctum
1299 974 1576 1022 vocabimus
1590 981 1832 1039 punctum

463 1049 828 1108 evanescentioe,
863 1049 1159 1113 respondens
1195 1057 1377 1113 puncto
1412 1050 1543 1113 quod
1571 1050 1623 1097 in
1644 1050 1834 1113 pictura

462 1126 760 1189 perspectiva
795 1132 997 1173 vocatur
1027 1132 1263 1189 punctum
1286 1125 1590 1173 horizontale
1624 1132 1674 1173 et
1687 1125 1835 1190 prin-

465 1201 650 1266 cipale)
685 1202 984 1265 apparebunt
1022 1202 1218 1249 termini
1253 1202 1446 1264 objecti,
1486 1208 1736 1265 utcunque
1774 1202 1836 1250 ab

466 1278 605 1325 oculo
623 1277 860 1336 distantis,
879 1278 931 1325 in
943 1277 1090 1325 rectis
1113 1278 1157 1325 D
1174 1278 1219 1324 K
1243 1283 1292 1325 et
1314 1278 1353 1324 E
1370 1278 1430 1324 K.
1489 1277 1659 1340 Itaque
1681 1293 1837 1340 punc-

463 1360 568 1401 tum
588 1354 635 1401 H
655 1353 896 1401 videbitur
912 1353 963 1400 in
986 1354 1030 1401 D
1046 1354 1107 1410 K,
1132 1361 1181 1401 et
1193 1360 1428 1417 punctum
1442 1353 1465 1400 I
1488 1352 1540 1400 in
1562 1354 1602 1400 E
1619 1354 1679 1401 K.
1740 1353 1838 1401 Sed

465 1429 632 1476 eadem
667 1436 848 1491 puncta
882 1436 1117 1492 apparent
1151 1429 1203 1476 in
1239 1429 1385 1477 rectis
1420 1429 1682 1476 visualibus
1706 1429 1752 1476 A
1767 1430 1833 1487 H,

464 1505 508 1552 A
527 1505 566 1551 I.
632 1504 948 1567 Apparebunt
980 1505 1131 1568 igitur
1162 1504 1215 1552 in
1245 1504 1668 1552 intersectionibus
1690 1504 1752 1552 ad
1792 1505 1833 1553 L

465 1587 513 1628 et
530 1581 613 1635 M;
650 1586 723 1627 est
751 1596 866 1643 ergo
900 1580 1008 1628 LM
1031 1580 1164 1628 locus
1188 1581 1366 1643 objecti
1395 1581 1443 1628 H
1460 1581 1498 1628 I.
1568 1580 1696 1628 Data
1718 1596 1835 1644 ergo

467 1656 710 1715 distantia,
735 1656 817 1703 &c.
841 1656 1001 1703 locum
1016 1655 1195 1718 objecti
1212 1662 1525 1720 apparentem
1545 1656 1831 1705 invenimus.

467 1732 613 1781 Quod
638 1739 741 1779 erat
763 1731 1051 1779 faciendum.

532 1807 708 1855 Coroll.
745 1807 884 1855 Patet
902 1823 961 1855 ex
980 1807 1352 1866 constructione,
1369 1808 1613 1870 objectum
1630 1807 1759 1857 idem
1785 1815 1835 1858 et

465 1883 622 1930 minus
654 1891 704 1930 et
740 1884 800 1931 ab
847 1883 986 1931 oculo
1022 1883 1253 1932 remotius
1293 1883 1461 1942 videri,
1495 1890 1643 1947 prout
1676 1883 1834 1947 ipsum

465 1975 634 2007 revera
656 1959 887 2007 remotius
911 1965 997 2007 est.

531 2035 813 2082 Notandum
836 2042 999 2082 autem
1022 2041 1109 2092 est,
1135 2034 1267 2098 quod
1291 2034 1381 2082 etsi
1404 2034 1631 2083 distantia
1661 2035 1836 2098 objecti

468 2111 529 2158 ab
557 2110 696 2158 oculo
731 2126 845 2158 vera
878 2110 1115 2158 mensuris
1150 2110 1460 2158 determinari
1491 2116 1666 2174 potest,
1700 2110 1835 2158 locus

466 2192 630 2233 tamen
664 2201 914 2248 apparens,
951 2185 1002 2233 id
1042 2194 1129 2245 est,
1154 2186 1384 2233 distantia
1412 2186 1635 2250 imaginis
1658 2187 1760 2249 ejus
1783 2187 1835 2237 in

465 2261 647 2309 visione
684 2260 865 2308 directa
908 2261 1175 2308 mensurari
1220 2277 1319 2309 non
1359 2269 1518 2325 potest
1539 2283 1551 2318 ;
1608 2262 1834 2326 quoniam

466 2337 628 2400 imago
651 2352 727 2384 res
745 2343 818 2384 est
839 2352 969 2384 mere
1003 2337 1322 2400 phantastica.

534 2418 577 2460 5.
615 2412 666 2460 Si
706 2413 950 2475 objectum
978 2412 1164 2461 duobus
1200 2413 1350 2462 oculis
1387 2419 1644 2477 spectetur,
1677 2413 1835 2478 sitque

467 2488 697 2536 distantia
719 2494 995 2536 centrorum
1017 2489 1285 2537 retinarum
1307 2488 1504 2552 aequalis
1538 2488 1834 2552 longitudini

466 2565 614 2627 ipsius
639 2563 815 2627 objecti
837 2564 939 2612 veri
973 2570 1022 2612 et
1057 2565 1149 2627 ipsi
1178 2564 1420 2628 parallela,
1454 2563 1613 2626 imago
1646 2565 1749 2628 ejus
1774 2581 1834 2614 ex

465 2640 551 2687 tali
572 2639 755 2687 visione
778 2640 985 2689 conflata
1010 2639 1302 2704 longitudini
1335 2638 1482 2703 ipsius
1507 2640 1684 2703 objecti
1705 2656 1832 2690 verae

466 2714 662 2778 aequalis
690 2715 797 2762 erit.

532 2790 606 2837 Sit
644 2789 714 2851 (in
747 2790 904 2853 figura
927 2789 1091 2852 tertia)
1120 2791 1362 2853 objectum
1384 2790 1428 2837 A
1443 2789 1499 2850 Β,
1524 2789 1655 2853 quod
1675 2791 1845 2840 visum·

467 2866 528 2914 sit
550 2882 579 2915 a
600 2865 785 2917 duobus
820 2866 970 2920 oculis
1007 2867 1319 2915 existentibus
1346 2866 1397 2919 in
1432 2866 1470 2919 C
1509 2873 1558 2917 et
1593 2866 1653 2928 D,
1677 2866 1747 2915 ita
1775 2874 1831 2918 ut
