1982 3256
358 259 430 294 DE
456 260 595 295 Loco
621 258 948 295 APPARENTE
977 259 1224 303 OBJECTI,
1250 259 1367 294 E'rc.
1487 249 1546 292 61

166 371 349 430 oculus,
383 372 424 420 si
461 387 719 436 operemur
758 370 1026 420 secundum
1061 370 1194 434 leges
1230 370 1551 430 refractionis,
1601 378 1730 425 secr.
1756 389 1808 424 11.

165 446 414 510 objectum
432 448 477 496 A
494 448 539 496 D
564 447 819 512 apparebit
841 447 892 494 in
908 447 952 494 A
967 446 1037 506 M,
1057 462 1248 510 semper
1271 446 1427 509 magis
1450 453 1553 493 ma-
1689 443 1718 477 ⁷·

164 522 337 588 gisque
360 524 592 573 recedens
622 541 652 572 a
682 531 817 572 recta
840 523 884 570 A
902 523 963 571 D.
1033 522 1400 571 Demonstratio
1425 522 1555 569 enim
1573 539 1695 577 Reguloe

166 599 338 648 eadem
357 607 431 648 est
454 617 562 664 quae
577 599 924 664 propositionis
947 598 1286 663 praecedentis,
1311 597 1406 645 nisi
1425 597 1556 660 quod
1570 582 1831 664 ssssffinsssspssfiquot

165 674 393 723 refractio
416 675 497 724 hic
515 676 603 724 fiat
619 691 788 723 versus
807 675 1227 739 perpendiculum,
1247 673 1346 722 illic
1367 681 1552 722 contra.

166 751 296 800 Nam
318 751 399 815 hic
423 767 615 815 quoque
640 751 682 800 G
700 752 762 810 K,
789 751 838 799 H
855 751 909 810 L,
935 751 958 799 I
978 751 1032 798 M
1058 758 1320 798 sumuntur
1344 748 1557 813 aequales

166 827 285 892 ipsis
308 827 351 875 G
369 827 426 886 B,
453 828 502 875 H
523 827 576 887 C,
603 828 703 887 ID,
729 827 924 891 singula
947 826 1167 891 singulis.

234 910 281 952 4.
319 903 556 952 Similiter
583 904 654 966 (in
677 904 837 968 figura
871 903 1037 966 tertia)
1065 902 1151 950 ubi
1175 902 1421 966 obJectum
1445 916 1559 964 sup-

166 979 368 1044 ponitur
403 979 455 1027 in
491 979 654 1028 medio
693 979 931 1037 densiore,
970 978 1139 1027 oculus
1176 978 1229 1026 in
1264 977 1464 1035 rariore,
1509 984 1560 1023 et

166 1055 297 1104 linea
329 1055 599 1119 separatrix
635 1071 777 1103 arcus
815 1054 1000 1113 circuli,
1024 1053 1236 1102 inventis
1268 1069 1328 1100 ex
1351 1052 1459 1116 lege
1484 1068 1559 1099 re-

170 1207 219 1256 H
236 1207 290 1267 L,
313 1207 406 1265 IM
425 1207 635 1271 aequales
658 1207 807 1256 radiis
827 1207 869 1255 G
885 1208 941 1266 Β,
965 1207 1012 1254 Η
1035 1206 1089 1265 C,
1115 1206 1216 1265 ID,
1236 1205 1442 1268 singulae
1461 1204 1560 1252 sin-

167 1283 310 1347 gulis,
356 1283 494 1331 locus
535 1284 716 1347 objecti
761 1299 1000 1347 apparens
1057 1282 1152 1330 erit
1198 1282 1243 1330 A
1258 1282 1312 1329 M
1359 1281 1562 1344 propior

169 1360 311 1408 oculo
336 1376 481 1423 quam
508 1368 581 1408 est
605 1361 650 1408 A
665 1361 724 1409 D.

237 1442 284 1484 5.
320 1436 446 1484 Item
475 1436 545 1498 (in
577 1437 737 1500 figura
769 1436 961 1500 quarta)
990 1436 1075 1484 ubi
1113 1434 1433 1498 supponimus
1473 1433 1561 1481 ob—

165 1513 350 1577 jectum
389 1512 441 1560 in
477 1513 638 1560 medio
678 1513 878 1571 rariore,
918 1512 1113 1560 oculum
1153 1512 1205 1558 in
1246 1510 1471 1558 densiore
1511 1517 1560 1557 et

168 1588 347 1637 lineam
388 1589 747 1652 separatricem,
787 1598 845 1637 ut
891 1596 1019 1647 ante,
1063 1604 1231 1636 arcum
1279 1587 1449 1635 circuli
1470 1607 1481 1641 3
1520 1586 1560 1634 si

171 1681 430 1729 operemur
461 1665 730 1713 secundum
766 1665 898 1728 leges
935 1664 1257 1720 refractionis,
1282 1663 1561 1711 invenietur

170 1743 214 1788 A
230 1741 284 1788 M
307 1741 444 1789 locus
468 1741 649 1804 objecti
682 1757 922 1805 apparens
946 1740 1176 1789 recedere
1201 1740 1262 1788 ab
1287 1740 1429 1787 oculo
1453 1739 1561 1787 lon-

170 1817 280 1881 gius
309 1834 456 1880 quam
479 1818 524 1866 A
544 1818 604 1865 D.

239 1899 286 1942 6.
323 1894 565 1942 Praeterea
597 1894 669 1956 (in
707 1894 878 1958 quinta
906 1894 1083 1958 figura)
1118 1893 1204 1941 ubi
1243 1892 1561 1957 supponimus

171 1970 216 2018 A
231 1970 276 2018 D
301 1986 404 2018 esse
430 1987 598 2018 arcum
622 1970 805 2029 circuli,
826 1971 1053 2034 idemque
1078 1970 1325 2033 objectum
1345 1989 1356 2024 3
1381 1968 1562 2016 lineam

142 2073 145 2076 >
172 2057 337 2094 autem
362 2047 707 2110 separatricem
730 2047 808 2094 IE
833 2063 1001 2095 arcum
1037 2061 1230 2110 quoque
1264 2045 1449 2103 circuli,
1476 2045 1561 2092 ob-

166 2124 352 2188 jectum
375 2130 539 2171 autem
562 2123 608 2171 A
626 2123 670 2170 D
695 2139 799 2171 esse
822 2123 873 2171 in
896 2123 1058 2171 medio
1081 2121 1284 2180 rariore,
1310 2121 1506 2169 oculum
1525 2121 1562 2167 F

171 2199 222 2248 in
248 2198 504 2254 densiore;
541 2198 677 2247 locus
715 2214 954 2262 apparens
989 2197 1170 2262 objecti
1192 2198 1238 2245 A
1256 2198 1300 2245 D
1326 2197 1418 2245 erit
1442 2197 1488 2244 A
1507 2197 1562 2244 M

173 2275 408 2324 remotior
422 2276 482 2324 ab
499 2275 639 2323 oculo
649 2275 916 2339 quamAD,
926 2283 1072 2339 atque
1087 2274 1210 2322 adeo
1225 2275 1310 2322 fiet
1323 2281 1563 2337 punctum

175 2351 221 2400 D
238 2351 394 2399 videri
416 2351 467 2400 in
487 2351 541 2399 M
562 2367 709 2415 supra
729 2352 1037 2399 horizontem
1060 2351 1294 2399 elevatius
1319 2366 1465 2413 quam
1490 2357 1564 2397 est

170 2427 334 2492 ipsum
359 2428 605 2492 objectum
625 2428 698 2484 D;
735 2435 784 2476 et
808 2429 871 2476 ob
891 2444 999 2476 eam
1019 2444 1214 2476 causam
1239 2427 1406 2487 solem,
1427 2434 1565 2474 ante-

168 2520 323 2568 ·quam
347 2504 547 2563 oriatur,
565 2504 606 2552 si
625 2504 688 2551 sit
704 2505 858 2552 nubes
878 2504 1041 2567 aliqua
1055 2504 1207 2552 densa
1225 2504 1276 2551 in
1297 2504 1319 2551 I
1336 2505 1391 2563 E,
1409 2503 1565 2551 videri

176 2587 356 2639 ortum,
379 2588 582 2644 propter
605 2580 950 2628 refractionem
973 2580 1024 2627 in
1049 2581 1071 2628 Ι
1090 2581 1130 2628 Ε
1154 2581 1300 2627 nube.

244 2657 507 2722 Supposito
544 2666 710 2706 autem
738 2657 808 2719 (in
832 2657 916 2721 fig.
944 2658 994 2717 3)
1024 2656 1158 2720 quod
1189 2657 1437 2719 objectum
1461 2655 1564 2703 AD

177 2724 386 2782 divisum
421 2734 484 2782 sit
517 2734 570 2782 in
604 2742 704 2782 tres
734 2741 898 2797 partes
934 2733 1143 2796 aequales
1168 2733 1213 2780 A
1229 2732 1286 2788 B,
1312 2732 1352 2779 B
1370 2732 1423 2791 C,
1450 2731 1565 2790 CD,

168 2810 430 2874 apparebit
451 2826 565 2874 pars
589 2810 634 2858 A
650 2810 706 2869 B,
733 2825 841 2872 quae
878 2816 953 2857 est
988 2808 1188 2872 propior
1223 2808 1287 2855 ad
1315 2808 1565 2867 verticem,

176 2886 338 2935 minor
372 2903 520 2951 quam
544 2886 584 2934 B
602 2886 656 2946 C,
683 2902 792 2950 quae
830 2893 905 2933 est
942 2902 972 2934 a
1006 2885 1190 2934 vertice
1227 2885 1480 2945 remotior,
1517 2891 1567 2932 et
