2020 3262
429 250 524 302 274
964 252 1287 298 IMPERIUM.'

176 397 303 428 ςΕςΤ,
320 397 387 428 111,
428 373 577 420 habet
594 369 843 435 ”perpetua
866 381 915 421 et
937 375 1084 438 longa
1105 375 1180 423 uti
1204 374 1424 422 oratione
1445 394 1456 429 ;
1493 390 1709 437 eamque,
1728 390 1810 423 ex·-

257 449 303 477 10·
429 447 737 496 istimationis
762 465 920 509 causa,
946 451 1254 498 audientibus
1278 457 1514 512 quantum
1548 456 1710 512 potest
1732 466 1810 498 or-

428 531 595 572 natam
613 532 898 588 gratamque
923 526 1198 589 eloquentia
1220 525 1438 572 reddere.
1508 524 1811 587 Eloquentiae

427 607 591 647 autem
614 615 790 647 munus
811 607 898 659 est,
925 600 1095 647 bonum
1115 610 1164 648 et
1186 599 1380 658 malum,
1405 598 1528 646 utile
1554 608 1604 646 et
1619 599 1810 659 inutile,

427 673 679 722 honestum
720 681 769 722 et
809 675 1129 733 inhonestum,
1168 675 1329 722 facere
1366 689 1599 737 apparere
1627 675 1812 737 majora

427 750 505 797 vel
527 750 716 797 minora
730 766 874 812 quam
894 766 1064 797 revera
1088 757 1215 809 sunt,
1234 757 1283 797 et
1294 751 1486 812 justum
1503 749 1658 796 videri
1681 749 1814 812 quod

428 825 663 887 injustum
705 833 792 881 est,
832 831 980 888 prout
1024 825 1087 873 ad
1125 826 1273 872 finem
1320 824 1524 872 dicentis
1565 824 1812 872 videbitur

428 900 715 948 conducere.
787 901 897 948 Hoc
922 901 1051 948 enim
1087 908 1160 948 est
1194 899 1517 964 persuadere;
1554 907 1604 947 et
1643 915 1813 963 quam-

428 992 575 1039 quam
598 975 966 1034 ratiocinentur,
991 991 1092 1023 non
1127 974 1402 1038 procedunt
1438 981 1604 1022 tamen
1628 989 1658 1021 a
1678 974 1812 1037 prin-

428 1051 567 1114 cipiis
590 1050 732 1108 veris,
765 1050 850 1098 sed
875 1051 936 1097 ab
961 1050 1160 1108 ἐνδόξοις,
1184 1050 1236 1097 id
1260 1056 1348 1108 est,
1374 1049 1682 1112 opinionibus
1709 1050 1813 1112 jam

426 1126 572 1189 vulgo
596 1126 820 1188 receptis,
846 1142 954 1188 quae
977 1125 1188 1172 maxima
1218 1141 1278 1172 ex
1311 1133 1449 1188 parte
1470 1141 1686 1172 erroneae
1709 1141 1813 1173 esse

428 1201 600 1257 solent,
623 1216 780 1262 neque
821 1200 1091 1247 orationem
1129 1216 1264 1246 suam
1297 1207 1487 1247 naturae
1524 1215 1687 1246 rerum
1726 1199 1814 1247 sed

427 1275 680 1323 affectibus
726 1275 998 1322 animorum
1040 1275 1410 1322 convenientem
1453 1290 1557 1322 esse
1595 1274 1810 1323 student.

429 1351 571 1398 Unde
595 1350 774 1397 accidit
796 1366 895 1398 non
919 1358 1054 1398 recta
1090 1351 1293 1410 ratione,
1319 1350 1404 1397 sed
1441 1350 1626 1412 impetu
1664 1350 1813 1397 animi

429 1426 693 1473 sententias
715 1425 846 1473 ferri.
897 1426 1069 1487 Neque
1093 1433 1165 1473 est
1186 1427 1281 1473 hoc
1305 1425 1528 1483 hominia,
1554 1425 1640 1472 sed
1662 1425 1812 1488 ipsius

430 1500 722 1564 eloquentiae²
745 1500 933 1559 vitium,
951 1502 1087 1563 cujus
1105 1501 1228 1559 finis,
1243 1508 1299 1548 ut
1313 1500 1533 1563 magistri
1555 1501 1812 1548 rhetoricae

431 1593 599 1624 omnes
631 1576 825 1634 docent,
850 1592 949 1623 non
972 1577 1150 1623 veritas
1192 1584 1280 1632 est,
1323 1576 1416 1623 nisi
1445 1592 1533 1639 per
1570 1576 1811 1635 accidens,

431 1651 514 1699 sed
530 1652 763 1704 victoria:
801 1658 851 1698 et
873 1667 1065 1710 munus,
1085 1667 1185 1699 non
1203 1668 1394 1709 nocere,
1420 1650 1505 1698 sed
1527 1651 1746 1699 suadere.

226 1739 346 1788 Propter
503 1734 577 1775 12.
612 1727 778 1776 Tertia
814 1743 974 1786 causa,
1001 1743 1150 1790 quare
1186 1727 1238 1774 in
1272 1743 1449 1789 magno
1486 1733 1618 1774 coetu
1654 1726 1815 1775 minus

226 1783 392 1811 ‘acumem‘
430 1803 614 1850 utiliter
653 1803 961 1860 deliberatur,
987 1818 1044 1849 ea
1078 1809 1166 1860 est,
1191 1802 1322 1864 quod
1343 1801 1456 1849 inde
1474 1801 1740 1864 sactiones
1763 1802 1815 1849 in

431 1878 625 1925 civitate
649 1878 883 1935 oriantur,
904 1886 954 1924 et
974 1894 1033 1924 ex
1038 1876 1361 1940 factionibus
1379 1876 1552 1924 seditio
1573 1884 1622 1924 et
1635 1877 1815 1924 bellum

431 1953 586 2000 civile.
643 1952 851 2005 Quando
876 1953 1007 1999 enim
1030 1952 1285 2000 contrariis
1309 1952 1562 1999 sententiis
1586 1952 1815 2000 orationi-

430 2029 617 2090 busque
641 2035 864 2090 pugnant
899 2028 1109 2090 aequales
1142 2033 1374 2086 oratores,
1398 2027 1556 2074 victus
1579 2027 1814 2075 victorem

432 2119 613 2165 eosque
653 2119 752 2149 una
790 2119 972 2160 omnes,
1015 2104 1098 2165 qui
1134 2103 1260 2150 illius
1297 2103 1586 2150 sententiam
1623 2102 1814 2165 sequuti

431 2187 559 2237 sunt,
583 2185 815 2240 tanquam
858 2179 1116 2225 consilium
1152 2187 1201 2225 et
1232 2178 1518 2240 sapientiam
1541 2193 1677 2224 suam
1701 2193 1815 2224 con-

429 2253 722 2310 temsissent,
748 2252 865 2311 odit,
891 2252 1151 2315 studetque
1176 2253 1422 2315 quomodo
1445 2252 1591 2300 faciat
1619 2259 1674 2299 ut
1697 2267 1814 2299 con-

431 2330 591 2377 silium
627 2328 889 2375 adversarii
930 2329 1114 2375 exitum
1139 2328 1370 2376 sortiatur
1403 2327 1588 2375 civitati
1612 2326 1813 2374 damno-

431 2420 538 2451 sum
559 2426 570 2459 ;
608 2404 676 2451 sic
701 2403 829 2450 enim
849 2403 940 2451 sibi
955 2404 1247 2462 restitutam,
1265 2404 1333 2451 illi
1348 2404 1590 2451 ademtam
1607 2402 1813 2465 gloriam

431 2479 490 2526 iri
512 2479 661 2526 videt.
732 2479 987 2538 Praeterea,
1012 2479 1100 2527 ubi.
1121 2480 1352 2541 suffragia
1383 2495 1480 2526 non
1505 2484 1615 2525 sunt
1639 2477 1708 2524 ita
1739 2478 1812 2525 in-

431 2555 650 2617 aequalia,
688 2554 805 2617 quin
830 2570 938 2617 spes
976 2554 1218 2613 victis‘sit,
1258 2570 1399 2618 posse
1422 2570 1471 2601 se
1494 2554 1546 2600 in
1570 2561 1814 2601 conventu

430 2630 541 2689 alio,
575 2630 849 2677 accessione
879 2646 1146 2692 paucorum
1177 2630 1429 2678 hominum
1453 2629 1544 2676 sibi
1570 2629 1812 2676 consenti-

430 2706 630 2764 entium,
675 2712 839 2767 partes
895 2705 1075 2752 habere
1133 2704 1417 2769 superiores,
1468 2702 1535 2750 ibi
1579 2704 1813 2766 praecipui

431 2795 599 2826 eorum
623 2786 824 2826 caeteros
844 2788 1115 2827 convocant
1135 2801 1146 2834 ;
1183 2778 1382 2826 seorsim
1409 2777 1677 2825 deliberant
1693 2794 1812 2840 quo·

430 2854 574 2900 modo
621 2854 909 2902 sententiam
955 2862 1068 2902 ante
1113 2855 1263 2902 latam
1309 2853 1543 2915 abrogare
1589 2854 1776 2915 possint
1797 2877 1809 2910 ;
