2020 3262
0 422 4 427 ’
0 404 2 406 ”
0 391 1 394 ⁴
0 0 79 382 W‘flwww

450 266 522 300 DE
550 266 738 300 REGNo
767 266 863 299 DEI
892 265 997 298 PER
1025 251 1316 299 NATURAM.
1484 255 1579 297 345

185 394 297 427 rum
315 394 623 442 unaquaeque
637 394 736 426 11113
755 384 830 426 est
845 393 1072 442 persona,
1092 376 1264 424 eadem
1288 376 1414 423 ratio
1438 383 1583 423 natu-
1622 396 1753 430 SEc-r,
1773 396 1842 429 111,

186 455 302 503 ralis
314 463 555 519 praeterea
568 455 776 519 imperat
788 453 951 502 cultus
961 452 1162 517 publici
1175 451 1582 515 uniformitatem.
1710 449 1761 479 ¹5·
1864 489 1868 493 .

187 531 319 580 Nam
353 547 464 595 quae
496 531 714 579 actiones
749 531 875 578 fiunt
909 545 939 577 a
972 527 1175 591 singulis
1206 527 1475 575 secundum
1510 542 1586 574 ra·
1691 526 1729 571 ¹7

187 607 376 664 tionem
408 606 668 671 privatam,
706 622 777 654 eae
816 604 1027 654 civitatis
1065 603 1285 652 actiones
1321 618 1422 650 non
1454 609 1585 660 sunt,

186 698 348 746 neque
389 698 507 746 ergo
550 682 760 730 civitatis
802 681 978 729 cultus.
1064 679 1214 728 Quod
1254 686 1422 726 autem
1461 679 1519 725 fit
1558 694 1588 725 a

189 757 404 818 civitate,
427 758 536 806 fieri
569 758 862 822 intelligitur
897 758 1002 820 ejus
1025 756 1104 804 vel
1138 771 1325 814 eorum,
1350 754 1433 817 qui
1457 769 1589 801 sum-

189 850 326 882 mum
358 834 545 882 habent
579 833 855 897 imperium,
888 831 1099 894 ideoque
1135 846 1376 879 consensu
1408 829 1590 877 civium

189 910 335 959 simul
357 909 592 969 omnium,
617 909 670 957 id
693 918 783 969 est,
808 907 1146 973 uniformiter.

264 991 339 1034 16.
375 985 545 1051 Lege-s*
568 985 831 1034 naturales
855 985 988 1033 circa
1011 984 1197 1032 cultum
1222 982 1458 1041 divinum,
1481 997 1589 1044 quae
1607 984 1874 1058 {ffrglssigffvffleffi-

189 1061 500 1126 praecedente
519 1061 726 1109 articulo
749 1067 1087 1118 numerantur,
1114 1059 1255 1123 signa
1277 1058 1479 1106 honoris
1504 1074 1590 1104 na-
1607 1051 1818 1123 poqsq'cqltum

189 1137 370 1186 turalia
402 1143 596 1185 tantum
632 1136 851 1184 exhiberi
886 1135 1195 1200 praecipiunt.
1267 1134 1592 1182 Consideran-
1608 1117 1830 1189 ffliffiffffife

193 1213 312 1261 dum
333 1219 500 1260 autem
525 1219 599 1259 est
619 1211 716 1260 duo
736 1228 841 1260 esse
860 1228 1043 1275 genera
1062 1211 1316 1275 signorum
1334 1231 1346 1266 ;
1381 1211 1592 1258 alterum

191 1288 514 1348 naturalium,
534 1288 746 1336 alterum
758 1289 1095 1354 pactitiorum
1113 1288 1214 1336 sive
1233 1304 1294 1335 ex
1319 1287 1592 1335 constituto

192 1380 438 1429 expresso,
456 1364 534 1412 vel
552 1364 721 1413 tacito.
783 1365 1031 1414 Quoniam
1050 1365 1154 1428 jam
1176 1363 1229 1411 in
1252 1363 1386 1411 omni
1408 1363 1593 1426 lingua,

191 1440 434 1490 nominum
471 1440 572 1489 sive
613 1440 1011 1506 appellationum
1056 1456 1173 1488 usus
1221 1455 1281 1487 ex
1321 1439 1593 1487 constituto

193 1515 365 1576 oritur,
391 1516 541 1564 etiam
565 1532 626 1564 ex
654 1517 926 1565 constituto
961 1517 1147 1580 poterit
1178 1516 1374 1564 mutari.
1447 1514 1595 1564 Quod

195 1591 328 1641 enim
366 1591 613 1656 dependet
650 1601 700 1640 et
733 1592 834 1640 vim
876 1609 1015 1640 suam
1053 1591 1244 1640 derivat
1275 1609 1305 1640 a
1339 1591 1595 1639 voluntate

193 1667 467 1726 hominum,
526 1667 795 1715 eorundem
866 1668 1282 1716 consentientium
1344 1668 1597 1715 voluntate

195 1743 378 1792 mutari
409 1743 488 1791 vel
519 1743 704 1791 aboleri
740 1750 917 1807 potest.
987 1743 1206 1792 Nomina
1241 1761 1359 1808 ergo
1396 1761 1505 1807 quae
1538 1760 1599 1792 ex

198 1819 470 1869 constituto
493 1818 749 1867 hominum
785 1819 1107 1867 obtinuerunt
1130 1820 1236 1868 Deo
1261 1820 1491 1879 attribui,
1517 1836 1599 1868 eo-

197 1895 408 1944 rundem
443 1895 713 1943 constituto
749 1911 938 1943 cessare
978 1902 1214 1959 possunt:
1265 1896 1398 1959 quod
1435 1902 1600 1944 autem

199 1970 468 2020 constituto
521 1970 778 2019 hominum
829 1978 993 2035 potest
1037 1971 1160 2031 fieri,
1201 1971 1254 2019 id
1300 1972 1600 2020 constituere

201 2046 392 2095 civitati
426 2046 561 2095 licet.
627 2047 656 2095 J
660 2063 746 2095 ure
785 2063 902 2111 ergo
940 2047 1128 2108 civitas,
1169 2048 1265 2096 hoc
1301 2055 1391 2108 est,
1430 2048 1480 2108 ii,
1517 2049 1602 2112 qui

199 2123 352 2172 totius
377 2123 588 2172 civitatis
611 2130 909 2187 potestatem
931 2124 1132 2183 habent,
1153 2141 1262 2188 quae
1279 2125 1477 2173 nomina
1501 2125 1602 2173 sive

202 2198 577 2265 appellationes
612 2200 718 2248 Deo
757 2200 1045 2264 honorifica>
1080 2201 1193 2261 sint,
1221 2217 1332 2265 quae
1361 2218 1462 2249 non
1487 2201 1601 2260 sint,

200 2275 298 2324 hoc
330 2282 419 2334 est,
453 2291 563 2339 quae
599 2275 837 2324 doctrinae
867 2275 928 2324 de
959 2284 1139 2325 natura
1162 2285 1212 2325 et
1236 2277 1604 2340 operationibus

203 2351 298 2400 Dei
321 2351 516 2416 publice
542 2351 770 2400 tenendae
786 2353 865 2400 vel
882 2352 1174 2416 profitendae
1194 2361 1324 2413 sunt,
1344 2354 1602 2418 judicabit.

203 2427 440 2476 Actiones
459 2435 626 2476 autem
645 2427 924 2491 significant
946 2445 1048 2476 11011
1071 2445 1131 2476 ex
1155 2429 1423 2478 constituto
1446 2430 1605 2479 homi-

204 2520 340 2563 num,
365 2503 452 2552 sed
473 2504 780 2563 naturaliter,
806 2505 932 2553 sicut
960 2506 1163 2553 effectus
1192 2512 1307 2553 sunt
1331 2505 1471 2569 signa
1495 2522 1604 2554 sua-

204 2594 317 2627 rum
336 2595 594 2628 causarum
612 2600 623 2634 ;
662 2595 869 2642 quarum
885 2579 1110 2643 quaedam
1129 2597 1319 2644 semper
1334 2581 1475 2644 signa
1493 2588 1606 2630 sunt

208 2661 521 2719 contemptus
557 2671 742 2714 eorum,
782 2671 948 2703 coram
986 2655 1161 2718 quibus
1191 2657 1334 2715 fiunt,
1376 2656 1607 2704 nimirum

209 2730 385 2794 quibus
426 2737 704 2779 ostentatur
740 2731 958 2794 corporis
1000 2732 1350 2791 immundities,
1390 2740 1441 2780 et
1476 2750 1607 2797 quae-

210 2821 404 2870 cunque
443 2807 599 2871 pudet
639 2807 802 2855 facere
836 2824 1001 2855 coram
1038 2808 1096 2856 iis
1135 2825 1256 2872 quos
1294 2825 1604 2858 reveremur:

210 2881 318 2932 aliae
357 2899 549 2948 semper
586 2884 726 2947 signa
763 2892 878 2933 sunt
917 2884 1133 2944 honoris,
1175 2892 1245 2943 ut,
1289 2885 1522 2934 accedere
1557 2894 1607 2934 et
