2020 3262
365 224 438 260 DE
467 227 656 262 REGNO
685 226 779 260 DEI
807 226 914 260 PER
941 227 1164 262 PACTUM
1190 228 1387 262 VETUS.
1472 218 1566 261 369

169 339 489 398 ¹auctoritate,
515 339 601 388 sed
623 339 782 387 forma
811 346 861 386 et
890 340 1001 402 jure
1023 355 1306 401 praeconum
1341 355 1427 387 seu
1448 355 1570 403 prae-
1610 362 1738 394 SECT,
1759 362 1828 394 111,

1695 414 1744 444 16.

177 413 468 474 dicatorum,
516 416 576 463 de
626 416 800 501 quibus
850 415 1098 462 auditores
1140 415 1459 478 judicabant·
1449 452 1461 471 ‚
1520 423 1569 463 et

1718 460 1811 479 -ήκ

176 490 436 554 siquidem,
457 492 540 555 qui
563 492 680 556 ipsis
699 491 861 539 facilia
883 491 1138 554 perspicue
1163 491 1452 539 docentibus
1470 508 1569 539 non
1588 502 1638 573 Fls:
1635 502 1684 529 «el
1670 511 1744 530 ecm
1747 511 1795 530 0-n

1630 546 1758 573 mtafui
1762 555 1806 574 sse

174 567 525 626 auscultarent,
549 567 856 652 punirentur,
881 584 982 615 non
1022 567 1244 631 sequitur
1279 582 1341 614 ex
1365 584 1423 615 eo
1447 555 1618 615 obli-'lu

168 650 318 705 gatos
334 642 483 690 fuisse
507 659 646 706 reges
670 643 836 691 omnia
860 643 1013 706 sequi,
1040 659 1149 705 quae
1167 643 1238 691 illi
1262 643 1355 690 Dei
1372 644 1569 691 nomine

169 717 431 780 ¹sequenda
471 718 706 767 dicerent.
779 719 1090 782 Quamquam
1115 719 1245 774 enim
1280 719 1568 767 interfectus

174 791 326 842 fuerit
348 795 378 842 J
381 795 485 842 osia
508 795 666 843 bonus
690 812 776 844 rex
798 796 958 851 Judae,
983 795 1116 859 quod
1140 795 1444 843 sermonibus
1476 795 1568 843 Dei

173 884 237 917 ex
260 886 345 918 ore
370 871 572 919 Nechao
597 872 726 935 regis
745 871 949 935 AEgypti
972 887 1073 919 non
1099 870 1383 930 obediverit,
1408 870 1460 919 id
1478 878 1566 930 est,

173 946 308 1009 quod
329 947 513 995 bonum
537 948 809 1004 consilium,
846 964 1143 1011 quamquam
1177 948 1237 994 ab
1261 947 1402 995 hoste
1432 947 1567 995 vide-

173 1030 312 1070 retur
351 1023 613 1086 proficisci,
646 1023 901 1087 respuerit,
939 1039 1040 1071 non
1071 1031 1238 1071 tamen
1278 1023 1410 1071 dicet
1435 1023 1565 1087 quis-

173 1113 324 1162 quam
345 1099 493 1147 fuisse
515 1099 545 1147 J
549 1100 701 1147 osiam
724 1100 823 1147 ullo
846 1099 1043 1147 vinculo
1083 1099 1249 1164 legum
1285 1099 1566 1148 divinarum

172 1173 252 1221 vel
266 1174 586 1222 humanarum
601 1175 869 1238 obligatum
886 1175 1087 1223 credere
1103 1175 1346 1223 Pharaoni
1361 1176 1563 1224 Nechao

166 1250 280 1313 >regi
309 1249 528 1314 AEgypti,
567 1250 700 1314 quod
737 1251 936 1310 diceret,
973 1251 1133 1300 Deum
1172 1251 1273 1300 sibi
1313 1252 1564 1316 loquutum

170 1341 299 1374 esse.
338 1325 486 1375 Quod
508 1333 673 1374 autem
697 1327 908 1390 objicere
933 1327 1041 1390 quis
1058 1328 1228 1391 possit,
1253 1344 1393 1392 reges
1415 1345 1565 1392 prop-

172 1408 251 1450 ter
282 1400 527 1449 defectum
559 1401 796 1451 doctrinae
831 1419 942 1450 raro
980 1403 1096 1451 satis
1134 1403 1337 1452 idoneos
1375 1420 1478 1453 esse
1501 1405 1566 1453 ad

163 1476 324 1526 ,libros
360 1477 604 1541 antiquos,
652 1479 827 1542 quibus
873 1480 1078 1527 verbum
1125 1480 1218 1527 Dei
1265 1481 1564 1539 continetur,

170 1553 628 1618 interpretandum;
665 1562 813 1619 atque
849 1556 910 1603 ob
953 1572 1061 1603 eam
1098 1572 1202 1603 rem
1232 1572 1332 1604 non
1368 1573 1564 1620 aequum

171 1645 280 1678 esse
302 1646 481 1678 munus
505 1630 628 1678 illud
651 1631 712 1678 ab
738 1647 908 1678 eorum
932 1632 1224 1679 auctoritate
1257 1632 1563 1696 dependere;

173 1706 386 1770 objicere
423 1705 555 1754 idem
593 1707 751 1770 possit
784 1716 958 1755 contra
996 1707 1273 1756 sacerdotes
1311 1715 1361 1756 et
1396 1725 1564 1756 omnes

168 1782 440 1838 .mortales;
485 1791 690 1846 possunt
736 1784 866 1831 enim
913 1800 1108 1840 errare3
1144 1785 1357 1848 licetque
1403 1793 1566 1833 essent

172 1858 453 1907 sacerdotes
478 1860 668 1907 caeteris
692 1860 970 1908 hominibus
988 1868 1167 1908 natura
1184 1870 1235 1908 et
1258 1862 1444 1909 artibus
1463 1878 1565 1909 me-

173 1933 267 1982 lius
290 1934 535 1993 instructi,
561 1942 674 1982 sunt
699 1943 865 1983 tamen
883 1952 1023 1999 reges
1044 1937 1163 1984 satis
1182 1937 1346 1984 idonei
1363 1937 1427 1984 ad
1440 1937 1564 1984 tales

173 2009 467 2073 interpretes
487 2010 575 2058 sub
597 2026 647 2058 se
672 2011 1055 2059 constituendos.
1098 2009 1260 2075 Atque
1284 2012 1368 2071 ita,
1394 2029 1564 2075 quam-

174 2101 323 2148 quam
357 2101 497 2149 reges
535 2102 634 2134 non
666 2087 1052 2150 interpretentur
1087 2087 1180 2151 ipsi
1218 2089 1420 2135 verbum
1455 2089 1563 2143 Dei,

171 2169 339 2209 tamen
376 2161 735 2226 interpretandi
771 2179 948 2211 munus
972 2164 1032 2211 ab
1057 2180 1226 2212 eorum
1267 2165 1562 2213 auctoritate

172 2237 449 2301 dependere
481 2246 671 2302 potest3
710 2247 758 2287 et
794 2240 878 2301 qui
913 2240 1023 2288 ideo
1048 2241 1392 2289 auctoritatem
1427 2242 1563 2289 illam

172 2313 370 2376 regibus
411 2314 714 2377 abjudicant,
758 2315 888 2378 quod
924 2315 1083 2379 ipsum
1119 2333 1297 2364 munus
1335 2333 1562 2365 exercere

171 2404 272 2437 non
294 2389 498 2453 possint,
522 2389 653 2438 idem
685 2390 886 2448 faciunt,
912 2407 969 2439 ac
1006 2392 1048 2439 si
1088 2391 1307 2440 dicerent
1346 2409 1446 2441 non
1479 2394 1563 2441 de—

171 2465 289 2513 bere
324 2466 666 2514 auctoritatem
693 2467 901 2514 docendi
936 2469 1258 2531 geometriam
1298 2486 1328 2516 a
1364 2469 1562 2533 regibus

173 2540 464 2605 dependere,
489 2543 582 2589 nisi
597 2543 688 2606 ipsi
700 2543 884 2591 fuerint
907 2551 1185 2606 geometrae.
1223 2545 1383 2608 Reges
1400 2562 1562 2594 orasse

170 2633 262 2680 pro
298 2618 495 2681 populo,
531 2619 712 2682 populo
753 2619 1076 2677 benedixisse,
1118 2621 1354 2684 templum
1393 2638 1563 2670 conse-

173 2708 349 2752 crasse,
375 2695 711 2742 sacerdotibus
748 2696 1055 2759 praecepisse,
1089 2697 1366 2745 sacerdotes
1399 2698 1558 2746 officio

171 2784 260 2817 suo
277 2771 532 2829 amovisse,
549 2771 667 2818 alios
693 2771 1000 2819 constituisse
1024 2772 1245 2835 legimus.
1307 2774 1559 2823 Sacrifieia

170 2845 367 2908 quidem
406 2862 507 2894 non
549 2847 849 2906 obtulerunt,
888 2848 1003 2910 quia
1039 2848 1089 2896 id
1131 2850 1315 2898 Aaroni
1352 2858 1402 2898 et
1447 2851 1558 2900 filiis

304 2936 426 2970 VOL.
455 2938 515 2970 11.
1342 2941 1373 2973 B
1392 2941 1423 2974 Β

1587 589 1732 623 1111001111

1587 632 1652 660 ade
1638 633 1743 669 cuivipt

1758 598 1852 661 8¹,qu
