1994 3276
200 401 332 436 sEc'r.
354 402 422 436 111.

290 454 340 486 18.

214 498 403 523 *——e—2

178 546 343 581 Boon-inas,

177 598 243 626 quae
257 589 343 618 hodie
358 599 424 619 con-

176 635 377 661 trovertuntur
391 634 427 662 de

176 675 323 712 religione,
337 686 415 714 spec-

178 720 239 746 tare
252 719 405 757 plerasque

177 761 276 800 adjus
289 764 438 801 regnandi.

467 263 566 306 432
883 280 894 284 ·’
1037 276 1283 310 RELIGio.

463 383 542 430 vel
566 383 906 444 sacerdotium,
927 387 1059 449 quod
1076 391 1309 449 magnum
1328 392 1402 433 est
1424 386 1673 433 vinculum
1696 386 1848 435 civilis

463 458 768 519 obedientiae,
815 462 1055 520 amittere,
1102 462 1179 509 vel
1225 477 1432 524 regnum
1482 460 1847 509 haereditarium

461 548 561 581 non
590 534 786 584 habere.
856 536 1042 584 Eodem
1079 552 1272 599 quoque
1310 542 1498 598 spectat
1530 536 1844 584 canonizatio

460 615 759 669 sanctorum,
793 627 939 674 quam
976 611 1159 659 ethnici
1196 610 1490 674 apotheosin
1522 610 1843 673 appellarunt.

461 683 590 731 Nam
630 685 713 747 qui
752 686 971 733 subditos
1009 686 1191 733 alienos
1233 692 1372 732 tanto
1408 685 1610 748 praemio
1650 685 1844 733 allicere

459 765 635 822 potest,
670 761 780 808 talis
814 761 984 824 gloriae
1015 761 1182 808 avidos
1211 760 1274 807 ad
1306 760 1542 822 quidlibet
1564 760 1844 809 audendum

459 841 509 882 et
548 835 825 884 faciendum
872 836 1103 883 inducere
1147 842 1324 898 potest.
1397 835 1530 889 Quid
1575 836 1704 883 enim
1749 836 1844 884 nisi

457 909 695 958 honorem
725 912 856 974 apud
882 920 1106 974 posteros
1141 911 1467 973 quaesiverunt
1501 911 1639 959 Decii
1666 911 1844 974 aliique

458 985 682 1045 Romani,
721 988 804 1050 qui
845 1003 896 1035 se
938 987 1254 1045 devoverunt,
1294 994 1344 1034 et
1383 986 1514 1034 mille
1546 987 1643 1045 alii,
1674 986 1758 1049 qui
1791 986 1843 1034 in

455 1061 673 1123 pericula
695 1062 999 1110 incredibilia
1017 1079 1068 1110 se
1087 1062 1433 1125 conjecerunt?
1483 1062 1843 1110 Controversiae

458 1136 519 1183 de
551 1138 862 1200 purgatorio
903 1145 953 1184 et
995 1137 1327 1200 indulgentiis
1369 1137 1429 1184 de
1475 1145 1665 1199 quaestu
1710 1144 1840 1184 sunt.

459 1212 768 1260 Quaestiones
788 1212 848 1259 de
872 1212 1028 1260 libero
1048 1213 1280 1271 arbitrio,
1301 1212 1363 1259 de
1374 1212 1758 1274 justificatione,
1779 1211 1843 1259 de

456 1285 597 1332 modo
622 1286 903 1350 reeipiendi
931 1287 1182 1334 Christum
1206 1288 1257 1334 in
1281 1294 1609 1346 sacramento,
1627 1287 1842 1350 philoso-

456 1361 615 1423 phicae
646 1367 774 1408 sunt.
846 1362 972 1409 Sunt
1012 1370 1062 1409 et
1102 1363 1392 1425 quaestiones
1434 1363 1494 1409 de
1535 1362 1709 1410 ritibus
1741 1379 1842 1410 non

457 1435 766 1494 introductis,
791 1436 877 1483 sed
907 1437 1088 1484 relictis
1122 1437 1174 1484 in
1206 1437 1411 1485 ecclesia
1442 1453 1543 1485 non
1578 1437 1694 1485 satis
1724 1453 1842 1500 pur-

456 1517 573 1572 gata
590 1526 621 1558 a
637 1510 924 1558 Gentilismo
943 1532 954 1566 ;
997 1511 1083 1558 sed
1106 1527 1206 1559 non
1226 1519 1299 1559 est
1317 1528 1437 1574 opus
1453 1512 1618 1574 plures
1643 1528 1840 1560 enume—

455 1602 580 1633 rare.
652 1586 823 1634 Sciunt
846 1603 1029 1645 omnes,
1053 1602 1160 1633 eam
1192 1602 1296 1633 esse
1324 1595 1551 1634 naturam
1572 1587 1839 1646 hominum,

456 1668 513 1708 ut
554 1660 895 1708 dissentientes
937 1661 996 1709 de
1043 1661 1407 1724 quaestionibus,
1448 1661 1533 1708 ubi
1578 1661 1741 1724 agitur
1779 1662 1841 1710 de

452 1736 700 1801 potentia,
724 1737 801 1784 vel
834 1736 990 1795 luero,
1012 1737 1090 1784 vel
1118 1737 1429 1800 proestantia
1461 1737 1668 1800 ingenii,
1702 1737 1843 1785 alteri

456 1812 635 1860 alteros
673 1812 1009 1860 convicientur
1044 1819 1095 1859 et
1127 1811 1556 1859 anathematizent.
1626 1811 1741 1860 Non
1767 1819 1844 1860 est

457 1902 574 1950 ergo
602 1887 795 1946 mirum,
820 1888 860 1935 si
891 1887 1122 1950 dogmata
1147 1887 1249 1934 fere
1281 1887 1459 1946 omnia,
1483 1895 1746 1951 postquam
1770 1889 1844 1936 in·

457 1962 696 2010 caluerint
726 1963 948 2010 homines
984 1962 1295 2025 disputando,
1322 1962 1550 2010 dicantur
1576 1963 1637 2010 ab
1666 1963 1741 2011 his
1763 1963 1842 2028 vel

455 2037 549 2084 illis
572 2038 862 2085 necessaria
897 2053 1002 2085 esse
1034 2037 1097 2085 ad
1124 2038 1397 2100 ingressum
1427 2038 1479 2085 in
1501 2053 1709 2100 regnum
1733 2038 1840 2097 Dei,

454 2128 555 2160 non
576 2113 723 2161 modo
756 2121 812 2160 ut
842 2114 1163 2161 contumaciae
1195 2113 1393 2160 nomine
1418 2113 1727 2173 damnentur,
1753 2114 1838 2177 qui

456 2204 513 2235 ea
539 2204 639 2235 non
670 2188 974 2243 concedunt;
1015 2188 1068 2235 id
1092 2188 1224 2251 quod
1255 2196 1368 2251 post
1401 2189 1618 2236 ecclesiae
1647 2196 1841 2237 senten-

454 2264 575 2312 tiam
591 2279 761 2313 verum
785 2271 886 2319 est3
921 2264 1007 2311 sed
1028 2264 1360 2319 infidelitatis;
1395 2264 1526 2326 quod
1542 2264 1718 2312 falsum
1735 2280 1838 2312 esse

453 2339 646 2397 ostendi
670 2355 816 2402 supra
839 2356 898 2387 ex
920 2340 1138 2402 pluribus
1169 2339 1548 2388 evidentissimis
1575 2339 1837 2403 Scripturas

451 2415 600 2463 locis:
638 2416 813 2478 quibus
849 2415 976 2463 addo
1013 2416 1144 2463 hunc
1184 2415 1341 2463 sancti
1385 2415 1520 2463 Pauli
1555 2416 1715 2475 (Rom.
1739 2414 1834 2462 xiv.

453 2497 499 2548 3,
527 2493 601 2552 5):
643 2491 739 2547 Qui
761 2490 1040 2548 manducat,
1063 2507 1157 2538 non
1185 2491 1558 2538 manducantem
1579 2507 1673 2538 non
1694 2505 1836 2553 sper-

450 2573 540 2614 nat
554 2585 573 2621 ;
609 2566 695 2630 qui
713 2582 807 2613 non
824 2566 1104 2625 manducat,
1120 2566 1491 2613 manducantem
1511 2582 1606 2613 non
1611 2564 1834 2628 judicet:

450 2640 590 2688 Deus
620 2641 743 2688 enim
775 2640 914 2688 illum
946 2641 1228 2704 assumpsit.
1296 2640 1446 2687 Alius
1464 2640 1670 2703 judicat
1707 2638 1836 2686 diem

451 2715 583 2762 inter
625 2715 787 2769 diem;
836 2715 968 2762 alius
1014 2722 1176 2762 autem
1203 2715 1411 2777 judicat
1452 2730 1633 2762 omnem
1670 2713 1834 2761 diem:

450 2791 783 2855 unusquisque
807 2790 1023 2838 abundet
1047 2791 1098 2838 in
1120 2806 1208 2838 suo
1232 2806 1393 2838 sensu.

763 2914 913 2946 FINIS
933 2914 1249 2947 VOLUMINIS
1272 2912 1530 2947 SECUNDI.

705 3069 854 3088 tomum:
877 3069 964 3089 TYHs
980 3070 1004 3088 c.
1020 3069 1182 3095 mcxmnns,
1199 3061 1262 3094 100,
1277 3068 1319 3089 ετ.
1335 3060 1477 3089 MARTxN's
1493 3067 1581 3088 LANE.

1199 3179 1240 3217 Φ
