1982 3256
168 372 296 406 SECT.
316 372 366 405 11.

258 424 286 455 7.

138 518 259 556 Regula:

136 562 215 590 illius
229 563 316 601 appli-

426 231 492 274 60.
943 242 1014 275 DE
1042 243 1280 277 HOMINE.

492 351 567 399 Sit
594 351 664 413 (in
687 328 845 417 figura
866 354 1023 418 prima
1046 355 1226 404 tabulae
1251 356 1394 419 hujus
1418 357 1608 420 capitis)
1637 359 1797 422 objec-

421 436 527 477 tum
549 439 684 480 recta
706 433 751 481 A
767 434 806 480 B
827 434 865 481 C
880 434 939 481 D.
1010 434 1175 493 Linea,
1196 451 1303 497 quae
1328 435 1424 483 duo
1448 436 1608 484 media
1626 437 1796 487 dister-

419 505 588 565 minat,
609 508 670 556 sit
688 509 726 556 E
744 509 785 556 G
801 510 848 556 H
867 510 889 556 I
907 517 1042 557 recta
1061 518 1111 557 et
1128 510 1220 572 ipsi
1235 511 1278 557 A
1297 511 1340 558 D
1361 511 1604 574 parallela,
1624 513 1796 575 quibus

137 606 391 646 cationesffiquot,
420 582 638 645 utrisque
680 584 743 630 sit
788 584 826 630 F
842 584 882 630 E
900 584 938 630 A
984 585 1414 647 perpendicularis,
1457 594 1795 652 statuaturque

418 658 586 705 oculus
609 659 660 705 in
684 660 735 706 F.
803 660 867 706 Et
901 659 1032 706 intra
1066 660 1318 722 parallelas
1343 661 1383 707 A
1404 661 1465 716 D,
1489 662 1529 709 E
1550 662 1572 709 I
1597 662 1659 710 sit
1694 679 1794 712 me-

417 733 550 780 dium
588 734 796 792 densius,
828 741 884 781 ut
917 750 1070 798 aqua;
1107 735 1319 783 medium
1355 752 1470 784 vero
1510 737 1639 784 inter
1673 739 1710 786 F
1743 748 1794 788 et

413 809 491 856 EI
517 810 578 857 sit
600 811 770 868 rarius,
795 818 850 858 ut
873 826 970 858 aer.
1042 811 1133 858 His
1165 812 1458 868 constitutis,
1482 812 1725 861 videbitur
1748 814 1794 863 A

413 884 462 931 in
488 885 591 947 ipso
621 892 802 948 puncto
827 886 886 942 A,
911 893 1171 948 propterea
1207 887 1338 948 quod
1374 887 1424 934 in
1454 896 1638 950 puncto
1661 890 1701 936 E
1729 890 1792 938 ob

412 960 614 1007 actionis
654 961 1210 1023 perpendicularitatem,
1247 963 1380 1010 nulla
1418 964 1504 1011 fiet
1543 964 1791 1013 refractio.

416 1035 645 1082 Sumatur
673 1036 803 1083 aliud
834 1044 1072 1099 punctum
1099 1037 1153 1095 B,
1180 1044 1228 1084 et
1252 1037 1460 1085 ducatur
1486 1039 1525 1085 B
1542 1035 1598 1098 G,
1625 1039 1695 1087 ita
1716 1048 1789 1099 ut,

413 1111 614 1158 servatis
638 1111 943 1158 refractionis
966 1112 1168 1174 legibus,
1193 1113 1487 1177 refringatur
1510 1114 1572 1162 ad
1596 1116 1791 1164 oculum

412 1186 463 1232 in
483 1187 546 1240 F;
584 1194 633 1234 et
658 1187 805 1234 ducta
828 1188 865 1234 F
880 1188 921 1235 G
943 1188 1241 1250 producatur
1265 1190 1328 1236 ad
1349 1191 1410 1248 Κ,
1430 1190 1500 1237 ita
1521 1198 1577 1238 ut
1601 1191 1642 1238 G
1659 1192 1703 1238 K
1728 1192 1794 1239 sit*

411 1262 607 1323 aequalis
632 1262 747 1309 GB.
818 1263 1058 1310 Punctum
1095 1264 1243 1325 igitur
1279 1265 1319 1311 B
1356 1266 1609 1327 apparebit
1641 1266 1692 1313 in
1725 1268 1787 1325 K,

411 1352 518 1397 quae
555 1336 697 1384 cadet
731 1338 855 1385 citra
887 1347 1071 1385 rectam
1095 1339 1139 1385 A
1159 1339 1218 1397 D,
1245 1340 1357 1402 quia
1380 1341 1421 1387 G
1444 1341 1479 1386 B
1516 1341 1675 1388 minor
1711 1350 1786 1390 est

411 1428 556 1474 quam
590 1412 717 1459 foret
741 1413 842 1460 GK
875 1414 1159 1461 continuata
1191 1430 1343 1477 usque
1377 1415 1442 1462 ad
1486 1415 1639 1478 ipsam
1663 1417 1785 1466 AD.

413 1487 658 1546 Similiter,
678 1496 870 1551 sumpto
895 1488 988 1535 alio
1012 1496 1195 1551 puncto
1215 1489 1268 1546 C,
1289 1489 1531 1552 ductaque
1552 1491 1589 1538 C
1610 1492 1658 1538 H
1679 1508 1787 1555 quae

410 1562 704 1625 refringatur
729 1564 876 1610 etiam
894 1563 957 1610 ad
980 1565 1031 1622 F,
1053 1572 1268 1612 sumatur
1286 1566 1336 1612 in
1354 1566 1594 1627 producta
1614 1567 1787 1616 visuali

412 1637 515 1684 FH
554 1647 690 1686 recta
725 1639 772 1685 H
801 1639 839 1687 L
875 1639 1073 1701 aequalis
1110 1640 1202 1702 ipsi
1243 1640 1282 1687 C
1306 1641 1384 1694 H;
1424 1640 1612 1704 eritque
1650 1643 1785 1691 locus

411 1714 581 1776 puncti
607 1715 645 1761 C
671 1731 907 1778 apparens
931 1716 982 1762 in
1006 1716 1059 1762 L.
1130 1715 1312 1762 Eadem
1342 1717 1573 1765 methodo
1600 1718 1786 1766 inveni-

411 1797 522 1836 atur
551 1791 723 1852 puncti
760 1791 803 1838 D
844 1791 978 1838 locus
1020 1808 1259 1854 apparens
1296 1792 1367 1850 M,
1409 1793 1665 1857 omniaque
1704 1795 1787 1842 illa

409 1872 593 1926 puncta
618 1866 678 1923 K,
703 1866 756 1924 L,
783 1867 852 1924 M,
877 1866 1023 1913 modo
1049 1867 1313 1914 secundum
1337 1868 1575 1916 rationem
1607 1870 1785 1918 refrac-

409 1939 556 1987 tionis
593 1941 753 1988 medio
792 1942 1006 1989 debitam
1043 1959 1313 2005 operemur,
1338 1944 1513 1992 cadent
1535 1944 1586 1992 in
1607 1945 1784 1992 lineam

410 2015 455 2061 A
471 2016 515 2062 K
533 2016 572 2062 L
587 2016 657 2074 M,
683 2032 791 2078 quae
815 2017 877 2064 ad
902 2018 1222 2080 superficiem,
1247 2019 1298 2065 in
1323 2035 1418 2081 qua
1441 2025 1514 2066 est
1535 2027 1671 2067 recta
1687 2020 1727 2067 E
1743 2021 1781 2079 I,

408 2091 607 2153 propius
632 2108 821 2154 semper
840 2093 1061 2141 accedet:
1087 2094 1136 2140 id
1154 2093 1283 2156 quod
1299 2101 1403 2141 erat
1416 2095 1780 2143 ostendendum.

476 2166 645 2214 Qualis
669 2176 833 2215 autem
865 2168 944 2216 illa
982 2169 1109 2216 linea
1141 2170 1217 2228 sit,
1244 2169 1435 2217 difficile
1459 2178 1532 2217 est
1555 2170 1782 2218 determi-

407 2257 538 2289 nare.
589 2242 639 2289 Si
665 2242 706 2290 G
722 2244 782 2301 K,
810 2244 856 2290 H
875 2244 929 2301 L,
955 2245 1047 2291 IM
1068 2253 1228 2292 essent
1252 2261 1418 2292 omnes
1442 2245 1649 2308 aequales
1670 2262 1780 2308 per-

406 2317 709 2379 pendiculari
731 2318 771 2365 E
788 2318 847 2375 A,
867 2326 985 2366 tunc
1010 2320 1207 2382 quidem
1231 2320 1358 2367 linea
1374 2320 1420 2367 A
1437 2321 1490 2367 M
1515 2331 1643 2368 esset
1666 2337 1781 2368 con-

405 2393 538 2439 chois
575 2393 817 2455 vulgaris:
855 2410 984 2441 nunc
1020 2411 1135 2442 vero
1174 2411 1273 2442 non
1310 2402 1383 2443 est
1419 2396 1662 2454 conchois,
1693 2397 1779 2444 sed

403 2473 568 2514 tamen
592 2467 720 2530 quia,
747 2469 837 2516 etsi
873 2468 923 2516 in
959 2469 1204 2517 infinitum
1238 2469 1522 2533 procederet
1545 2478 1691 2533 atque
1714 2471 1778 2519 ad

403 2542 582 2590 lineam
600 2544 639 2590 E
661 2544 683 2591 I
703 2560 891 2607 semper
910 2546 1179 2601 accederet,
1198 2561 1446 2608 nunquam
1462 2553 1626 2592 tamen
1644 2546 1776 2594 illam

403 2617 682 2680 attingeret,
709 2620 904 2668 videtur
928 2637 984 2668 ea
1000 2621 1128 2668 inter
1152 2621 1333 2684 species
1356 2621 1632 2668 innumeras
1655 2621 1775 2681 line-

405 2709 542 2739 arum
566 2695 929 2743 conchoeidewn
952 2703 1085 2744 recte
1108 2695 1352 2743 numerari
1373 2712 1530 2758 posse.

470 2774 515 2815 3.
555 2769 700 2817 Quod
723 2770 764 2818 si
787 2771 862 2831 (ut
884 2771 936 2818 in
958 2772 1115 2834 figura
1139 2770 1369 2831 secunda)
1391 2771 1618 2830 medium,
1643 2772 1775 2834 quod

403 2850 476 2892 est
499 2843 630 2891 intra
651 2845 903 2909 parallelas
920 2846 966 2893 A
982 2846 1043 2905 D,
1067 2846 1162 2905 EI,
1187 2846 1251 2893 sit
1269 2845 1423 2893 rarius
1442 2861 1498 2893 eo
1516 2846 1566 2894 in
1585 2863 1680 2910 quo
1700 2854 1774 2896 est
