2020 3262
602 287 672 320 DE
699 283 892 320 CAUSIS
921 282 1218 317 CIVITATIS.
1505 276 1602 317 213

215 396 327 446 dam
352 397 468 446 belli
486 403 559 445 est
583 404 633 445 et
657 394 937 450 seditionis3
975 393 1253 456 diciturque
1270 394 1480 442 Pericles
1505 396 1604 443 suis

215 473 464 536 quondam
505 472 822 530 orationibus,
846 470 1078 528 tonuisse,
1098 469 1387 533 fulgurasse,
1413 478 1464 517 et
1488 487 1605 519 con-

213 549 396 597 fudisse
421 557 579 597 totam
614 548 867 596 Graeciam.
941 545 1143 603 Quinto,
1168 561 1268 592 non
1297 545 1607 608 distinguunt

213 625 297 673 illa
318 625 549 689 injuriam
572 641 602 672 a
625 623 820 671 damno.
890 621 1012 688 Inde
1037 620 1234 679 accidit,
1259 627 1316 668 ut
1341 621 1458 668 dum
1481 622 1606 668 bene

212 700 331 764 ipsis
373 700 451 755 sit,
503 699 660 747 socios
711 714 812 746 non
850 697 1064 760 culpent.
1159 695 1399 743 Homines
1441 703 1606 743 autem

212 775 423 823 maxime
459 775 740 838 reipublicae
777 773 970 821 molesti
1007 779 1137 828 sunt,
1180 772 1355 835 quibus
1395 772 1606 819 maxime

210 851 328 898 licet
352 867 456 899 esse
480 851 676 898 otiosis:
714 866 815 898 non
839 849 971 897 enim
1005 851 1119 896 ante
1145 856 1335 896 certare
1361 848 1421 895 de
1446 848 1607 911 digni-

211 933 315 974 tate
345 926 542 990 publica
582 927 755 985 solent,
781 941 928 990 quam
952 924 1003 972 in
1039 924 1307 972 certamine
1343 932 1518 972 contra
1539 924 1608 971 fa-

210 999 339 1050 mem
366 1010 415 1050 et
432 1002 587 1066 frigus
610 1002 866 1050 victoriam
889 1000 1263 1064 reportaverint.
1334 1000 1606 1058 PostremO,

211 1078 468 1126 consensio
503 1085 839 1126 creaturarum
874 1077 1066 1124 illarum
1089 1076 1346 1123 brutarum
1370 1076 1607 1123 naturalis

213 1162 304 1214 est,
323 1154 580 1202 hominum
614 1154 821 1217 pact'tia
844 1161 1055 1211 tantum,
1080 1153 1175 1200 hoc
1217 1159 1305 1199 est.
1342 1152 1609 1200 artificiosa

211 1237 316 1279 est:
352 1239 453 1278 non
491 1230 644 1293 igitur
675 1229 952 1277 mirandum
979 1235 1067 1287 est,
1090 1228 1130 1275 si
1151 1228 1431 1276 hominibus
1450 1228 1514 1276 ad
1537 1228 1608 1275 vi-

209 1305 423 1354 vendum
441 1305 492 1353 in
509 1322 629 1369 pace
644 1305 830 1368 aliquid
848 1305 1055 1368 amplius
1075 1320 1198 1368 opus
1215 1304 1291 1351 sit.
1334 1304 1606 1352 Consensz'o

209 1381 391 1445 itaque,
416 1381 516 1429 sive
541 1381 761 1428 societas
780 1388 1038 1429 contracta
1058 1381 1162 1428 sine
1179 1387 1423 1443 potestate
1444 1381 1609 1444 aliqua

210 1458 474 1516 communi,
497 1473 587 1521 per
611 1473 758 1521 quam
790 1463 926 1504 metu
957 1473 1116 1520 poenae
1152 1457 1331 1520 singuli
1355 1465 1607 1521 regantur,

209 1549 310 1582 non
332 1533 509 1581 sufficit
542 1532 607 1581 ad
641 1532 968 1591 securitatem,
994 1549 1103 1596 quae
1144 1533 1413 1596 requiritur
1437 1533 1501 1581 ad
1526 1549 1609 1581 ex-

211 1610 438 1658 ercitium
456 1609 662 1673 justitiae
686 1609 938 1657 naturalis.

277 1692 325 1734 6.
364 1685 611 1735 Quoniam
634 1685 787 1748 igitur
812 1685 1123 1750 conspiratio
1147 1685 1361 1748 plurium
1379 1684 1605 1731 volunta«

1645 417 1773 449 SECT.
1794 416 1863 448 111.

1741 470 1770 498 5.

1624 1695 1747 1732 Requiri
1761 1695 1799 1723 ad
1813 1704 1860 1732 pa-

1624 1748 1686 1767 cem
1707 1738 1861 1766 hominum

209 1773 317 1811 tum
331 1762 396 1810 ad
409 1761 620 1810 eundem
628 1762 778 1808 finem
793 1778 892 1808 non
911 1762 1086 1809 sufficit
1103 1762 1165 1809 ad
1183 1760 1606 1809 conservationem
1623 1792 1683 1810 1101,
1698 1782 1785 1810 modo
1799 1791 1865 1810 0011.

208 1837 345 1902 pacis
381 1845 431 1885 et
454 1836 786 1885 defensionem
820 1836 1059 1895 stabilem,
1086 1837 1352 1900 requiritur
1381 1845 1437 1884 ut
1477 1836 1609 1883 eirca

212 1930 286 1970 ea,
313 1929 424 1977 quae
448 1911 512 1960 ad
534 1928 708 1975 pacem
733 1920 783 1960 et
808 1912 1142 1960 defensionem
1180 1920 1295 1960 sunt
1317 1911 1607 1970 necessaria,

210 2005 308 2036 una
346 1987 564 2036 omnium
600 1987 664 2035 sit
700 1986 943 2036 voluntas.
1015 1988 1127 2035 Hoc
1165 1996 1331 2036 autem
1364 1987 1471 2035 fieri
1507 2003 1609 2035 non

207 2071 387 2128 potest,
411 2063 508 2111 nisi
531 2063 867 2126 unusquisque
891 2064 1194 2112 voluntatem
1232 2080 1386 2121 suam,
1410 2064 1609 2111 alterius

209 2140 374 2199 emim,
410 2139 643 2187 nimirum
678 2139 823 2187 unius
848 2139 1073 2199 hominis,
1111 2140 1189 2187 vel
1219 2141 1365 2188 unius
1407 2139 1611 2187 concilii

209 2215 452 2264 voluntati
475 2215 544 2263 ita
568 2215 808 2279 subjiciat,
833 2223 889 2263 ut
922 2232 1012 2279 pro
1035 2217 1291 2264 voluntate
1316 2217 1535 2264 omnium
1559 2224 1610 2264 et

1624 1826 1799 1859 sensionem,
1813 1825 1865 1853 sed

1625 1869 1712 1897 etiam
1727 1869 1873 1897 unionem.

210 2291 515 2356 singulorum
554 2291 836 2339 habendum
876 2292 955 2350 sit,
984 2292 1217 2355 quicquid
1253 2293 1313 2340 de
1350 2293 1408 2340 iis
1446 2293 1607 2351 rebus,
1642 2334 1652 2341 ,.

211 2383 321 2430 quae
356 2366 645 2414 necessariae
682 2374 796 2414 sunt
837 2366 900 2414 ad
944 2383 1117 2430 pacem
1163 2384 1488 2426 communem,
1527 2367 1608 2415 ille

209 2442 434 2491 voluerit.
491 2442 819 2491 CONCILIUM
841 2451 1006 2490 autem
1025 2460 1164 2503 voco,
1181 2453 1365 2492 coetum
1393 2444 1609 2507 plurium

210 2517 464 2566 hominum
502 2518 878 2566 deliberantium
912 2519 972 2566 de
996 2535 1054 2567 eo
1080 2521 1213 2583 quod
1244 2520 1491 2584 agendum
1529 2520 1609 2567 vel

211 2609 310 2642 non
333 2593 578 2658 agendum
601 2603 691 2653 est,
716 2594 780 2642 ad
804 2611 1062 2642 commune
1087 2596 1304 2643 omnium
1324 2597 1523 2644 bonum.

278 2672 323 2725 7.
370 2669 681 2718 Voluntatem
711 2671 818 2718 haec
842 2670 1103 2719 submissio
1139 2673 1359 2720 omnium
1392 2673 1608 2732 illorum,

211 2745 354 2794 unius
378 2745 587 2794 hominis
611 2746 872 2806 voluntati,
898 2747 976 2795 vel
1000 2747 1143 2795 unius
1169 2749 1371 2796 concilii
1393 2755 1513 2797 tunc
1535 2750 1608 2808 fit,

214 2821 408 2885 quando
444 2822 777 2886 unusquisque
813 2838 983 2871 eorum
1019 2824 1282 2888 unicuique
1320 2832 1610 2873 caeterorum

215 2912 269 2945 se
287 2905 431 2961 pacto
455 2898 641 2962 obligat
658 2899 722 2948 ad
745 2916 844 2948 non
868 2900 1195 2949 resistendum
1219 2901 1464 2950 voluntati
1482 2901 1610 2950 illius

1628 2679 1710 2712 Quid
1723 2681 1761 2710 sit
1775 2681 1854 2709 unio.
