1968 3256
447 241 509 285 44
976 255 1046 290 DE
1074 255 1314 290 HOMINE.

203 384 330 416 snc‘r.
351 385 400 417 11.
451 363 630 412 Centro
671 365 715 413 D
758 365 962 414 ducatur
997 383 1137 415 arcus
1178 368 1285 415 LM
1322 366 1538 415 dividens
1561 367 1679 427 DA,
1703 367 1820 424 DB,

283 436 312 466 5.

200 481 389 504 κ-Ὑ-κ

185 529 331 558 Punctum

344 530 419 568 prin-

345 583 360 602 θ
375 573 381 580 .

188 573 288 610 equile,
301 573 344 602 siv
373 583 404 602 m

186 625 251 654 quo,
266 619 318 645 etc.

447 439 492 487 D
513 440 551 487 C
585 447 881 504 caeterasque
919 458 1085 490 omnes
1122 443 1503 491 semidiametros
1542 443 1820 506 interjectas

443 515 680 563 bifariam.
748 516 777 564 J
781 533 859 563 am
882 534 912 564 a
932 525 1115 580 puncto
1139 519 1176 565 F
1199 518 1405 566 ducatur
1422 518 1585 565 radius
1609 518 1646 565 F
1663 518 1726 578 N,
1745 519 1822 577 vita

443 597 501 638 ut
523 591 729 638 reflexus
749 591 795 638 N
812 592 853 638 G
877 599 1100 640 occurrat
1123 593 1299 641 alicubi
1334 593 1690 641 semidiametro
1714 594 1758 641 D
1778 593 1818 640 Β

449 666 717 730 productae,
741 674 797 713 ut
821 666 872 713 in
897 667 952 725 G,
973 668 1055 714 ubi
1073 674 1313 716 statuatur
1331 669 1525 724 oculus3
1559 668 1820 732 producta-

450 757 544 804 que
559 741 601 788 G
615 741 661 788 N
681 748 815 788 secet
831 741 1231 804 perpendiculum
1248 744 1417 805 puncti
1436 744 1472 790 F
1486 744 1537 791 in
1552 744 1616 798 03
1642 744 1820 806 major-

451 832 545 879 que
566 816 658 863 erit
680 816 786 878 (per
801 823 890 864 art.
906 817 958 878 4)
982 817 1026 864 D
1043 818 1084 864 O
1104 833 1248 880 quam
1272 817 1319 865 N
1335 819 1393 877 O,
1419 825 1468 866 et
1490 819 1643 866 multo
1666 819 1820 882 major

446 907 592 955 quam
617 892 658 939 Ο
676 891 728 939 C.
801 892 1032 940 Similiter
1045 894 1131 940 fiat
1146 909 1172 940 e
1189 901 1369 956 puncto
1392 895 1432 942 E
1456 894 1673 942 incidens
1695 895 1736 942 E
1757 894 1818 954 Q,

447 974 496 1014 et
516 968 618 1030 ejus
642 968 849 1015 reflexus
875 968 917 1015 G
932 968 993 1027 Q,
1014 969 1095 1031 qui
1132 969 1429 1032 producatur
1453 970 1503 1018 in
1528 971 1593 1025 P;
1631 970 1818 1033 eritque

444 1042 488 1089 D
505 1043 541 1089 P
563 1044 717 1106 major
755 1060 896 1106 quam
935 1044 972 1092 P
993 1045 1054 1102 Q,
1079 1053 1128 1092 et
1162 1045 1315 1093 multo
1347 1046 1502 1108 major
1539 1062 1683 1108 quam
1707 1045 1818 1093 PA.

442 1118 549 1165 Erit
571 1126 734 1166 autem
759 1119 963 1182 angulus
981 1119 1199 1180 visorius,
1220 1121 1308 1168 sub
1331 1137 1427 1183 quo
1455 1121 1704 1184 apparebit
1726 1121 1766 1168 E
1782 1121 1819 1169 F

442 1194 701 1256 objectum,
730 1194 777 1243 Q
794 1195 836 1242 G
854 1195 916 1242 N.

508 1269 707 1329 Rursus,
732 1276 951 1318 sumatur
972 1271 1024 1318 in
1048 1270 1238 1333 objecto
1279 1278 1516 1333 punctum
1539 1270 1672 1318 aliud
1704 1271 1764 1330 K,
1789 1288 1819 1320 a

442 1360 536 1406 quo
567 1344 730 1392 radius
766 1345 940 1392 ductus
965 1347 1010 1393 K
1031 1346 1062 1393 S
1104 1346 1385 1393 reflectatur
1408 1346 1577 1394 itidem
1601 1347 1664 1394 ad
1687 1347 1744 1406 G,
1769 1355 1818 1396 et

439 1419 679 1482 producta
719 1420 761 1467 G
779 1421 811 1467 S
850 1427 1074 1468 occurrat
1111 1422 1155 1468 K
1172 1422 1215 1468 D
1252 1422 1645 1484 perpendiculari
1667 1423 1718 1470 in
1740 1424 1782 1470 T
1803 1444 1815 1479 ;

441 1502 490 1541 et
514 1494 734 1542 similiter
756 1511 785 1542 a
806 1504 989 1558 puncto
1016 1497 1064 1543 H
1089 1496 1253 1544 radius
1294 1498 1341 1544 H
1359 1497 1403 1543 V
1434 1498 1714 1545 reflectatur
1755 1498 1818 1546 ad

441 1571 496 1628 G,
520 1569 913 1633 producaturque
938 1571 980 1619 G
993 1572 1036 1618 V
1061 1571 1215 1619 donec
1231 1580 1455 1620 occurrat
1472 1573 1816 1636 perpendiculo

441 1646 488 1692 H
510 1645 554 1693 D
578 1646 629 1692 in
653 1646 717 1692 X.
786 1646 893 1693 Erit
912 1646 980 1693 sic
1005 1662 1195 1709 quoque
1219 1648 1262 1695 D
1278 1648 1319 1694 T
1341 1648 1496 1710 major
1519 1664 1663 1711 quam
1693 1649 1734 1696 T
1753 1649 1816 1705 N,

440 1721 525 1768 sed
547 1722 707 1769 minor
731 1737 876 1784 quam
894 1722 938 1769 D
955 1722 997 1769 O
1019 1742 1030 1776 ;
1067 1729 1117 1769 et
1140 1722 1184 1769 D
1199 1722 1248 1769 X
1273 1723 1425 1785 major
1446 1739 1590 1785 quam
1613 1723 1658 1770 X
1681 1723 1743 1782 Q,
1768 1731 1817 1772 et

438 1796 598 1844 minor
622 1814 766 1860 quam
786 1798 841 1845 D
861 1798 912 1845 P.
981 1798 1143 1845 Etiam
1182 1799 1387 1862 angulus
1422 1799 1627 1847 visorius
1663 1799 1764 1847 VG
1782 1800 1814 1848 S

438 1873 598 1921 minor
621 1874 799 1936 angulo
823 1873 1001 1921 visorio
1029 1874 1075 1922 Q.
1090 1874 1132 1922 G
1149 1874 1212 1921 N.
1248 1874 1434 1922 Eodem
1457 1874 1602 1922 modo
1627 1875 1666 1922 si
1689 1875 1816 1923 inter

439 1949 484 1995 K
508 1955 558 1995 et
582 1949 630 1996 H
667 1955 920 1996 sumantur
943 1948 1037 1996 alia
1061 1948 1156 1996 duo
1179 1956 1377 2012 puncta,
1401 1949 1530 1997 unde
1553 1950 1676 1997 radii
1706 1965 1815 2012 per-

438 2023 636 2071 veniant
658 2040 745 2087 per
762 2024 1075 2072 reflexionem
1098 2024 1162 2072 ad
1185 2025 1379 2072 oculum
1401 2025 1450 2072 in
1470 2025 1526 2084 G,
1542 2025 1702 2073 minor
1723 2025 1816 2073 erit

439 2099 597 2146 adhuc
616 2099 822 2162 angulus
837 2099 1041 2147 visorius
1061 2107 1110 2147 et
1126 2107 1291 2163 partes
1307 2099 1651 2148 semidiametri
1669 2108 1814 2149 sectae

438 2190 467 2221 a
489 2174 629 2221 lineis
652 2174 916 2222 visualibus
950 2175 1110 2222 minus
1144 2175 1439 2238 inaequales3
1476 2175 1561 2223 sed
1584 2175 1718 2223 nulla
1741 2176 1814 2224 di·-

442 2249 712 2297 minutione
735 2250 902 2313 anguli
918 2249 1084 2297 visorii
1103 2250 1210 2313 (per
1236 2258 1328 2298 art.
1345 2250 1397 2313 4)
1415 2250 1664 2313 perveniet
1687 2251 1814 2299 linea

443 2324 640 2372 visualis
680 2324 744 2372 ad
779 2324 1013 2372 circulum
1047 2325 1171 2383 LM,
1209 2325 1292 2388 qui
1326 2332 1459 2373 secat
1492 2325 1596 2372 DA
1631 2333 1681 2373 et
1714 2327 1813 2374 DC

437 2399 676 2447 bifariam.
746 2399 1090 2462 Intelligantur
1117 2401 1218 2463 jam
1242 2407 1415 2448 erectae
1439 2400 1547 2448 duae
1569 2401 1812 2464 parallelae
1889 2445 1891 2448 .

437 2475 641 2522 infinitae
663 2474 716 2522 in
737 2475 777 2522 E
811 2482 861 2523 et
884 2476 949 2530 F;
985 2475 1080 2523 illae
1115 2476 1408 2524 secabuntur
1443 2493 1472 2524 a
1507 2477 1650 2524 rectis
1686 2477 1810 2536 VH,

439 2550 471 2597 S
488 2551 533 2597 K
574 2549 853 2612 productis;
890 2549 953 2597 ad
984 2549 1089 2598 illas
1112 2550 1476 2599 intersectiones
1498 2551 1714 2614 intellige
1735 2568 1811 2599 re-

437 2632 570 2672 mota
605 2641 708 2672 esse
740 2632 925 2688 puncta
958 2626 998 2672 E
1023 2633 1073 2673 et
1096 2627 1160 2682 F;
1196 2627 1358 2689 itaque
1397 2626 1520 2674 radii
1555 2627 1614 2673 ab
1637 2627 1677 2674 E
1702 2633 1751 2674 et
1774 2627 1811 2673 F

437 2700 704 2748 incidentes
744 2701 795 2747 in
832 2701 1080 2764 speculum
1116 2701 1261 2748 iidem
1297 2708 1440 2748 erunt
1474 2717 1585 2748 cum
1625 2702 1673 2748 H
1694 2701 1738 2747 V
1761 2708 1810 2748 et

440 2777 485 2823 K
501 2775 564 2834 N,
590 2777 777 2839 eritque
801 2777 1005 2840 angulus
1028 2777 1232 2825 visorius
1255 2776 1384 2824 idem
1406 2777 1450 2823 V
1469 2777 1510 2824 G
1526 2777 1573 2823 S.
1638 2777 1809 2839 Itaque

440 2851 724 2900 diminuitur
739 2868 927 2917 semper
941 2852 1353 2916 angulusvisorius
1371 2867 1458 2915 per
1475 2851 1806 2911 remotionem,
