2020 3262
594 240 878 277 PRAEFATIO
904 240 977 274 AD
1005 240 1302 275 LECTORES.
1621 232 1712 275 143

203 380 520 444 Iosophorum
565 377 969 428 excellentissima
1013 378 1211 440 ingenia
1255 376 1467 425 maxime
1523 385 1716 426 versata

203 486 333 530 sunt.
401 479 634 544 Ejusdem
655 479 934 537 utilitatem,
960 477 1047 526 sed
1069 485 1204 526 reete
1229 476 1441 536 traditae,
1465 477 1518 525 id
1541 484 1630 535 est,
1655 494 1715 526 ex

199 580 329 630 veris
349 580 602 644 principiis
625 579 840 628 evidenti
875 594 1008 626 nexu
1030 577 1282 637 derivatae,
1305 577 1376 625 sic
1400 577 1584 640 optime
1607 593 1716 641 per-

201 679 478 744 spiciemuS,
519 680 577 740 si,
623 695 734 743 quae
772 678 945 727 falsam
980 679 1085 742 ejus
1118 684 1171 726 et
1210 677 1467 742 loquacem
1507 677 1718 741 speeiem

200 773 415 828 humano
436 779 606 844 generi
629 786 1007 844 consequuntur,
1027 778 1207 826 damna
1234 777 1716 826 consideraverimus.

202 879 407 930 Nam'in
428 879 488 928 iis
506 880 668 940 rebus,
694 896 815 944 quas
838 880 1023 945 ingenii
1046 879 1307 950 exercendi
1331 894 1478 927 causa
1499 878 1718 942 specula-

14 991 18 1002 ·’
155 1025 159 1029 ,
191 996 333 1041 mur,
370 979 413 1029 si
457 980 565 1045 quis
611 997 747 1029 error
781 981 1048 1046 irrepserit,
1089 981 1317 1029 innoxius
1353 987 1443 1039 est,
1466 995 1626 1043 neque
1661 980 1720 1028 fit

197 1080 394 1148 ma
415 1081 509 1130 nisi
532 1083 767 1146 temporis
792 1089 1002 1131 tantum.
1056 1082 1115 1130 In
1138 1081 1197 1130 iis
1220 1097 1354 1141 vero,
1380 1097 1490 1144 quae
1514 1080 1719 1144 quisque

200 1181 396 1233 vivendi
418 1198 565 1231 eausa
586 1182 815 1231 meditari
839 1183 1000 1243 debet,
1024 1199 1125 1232 non
1156 1182 1304 1231 modo
1334 1183 1396 1231 ab
1428 1198 1593 1231 errore
1634 1180 1722 1230 sed

197 1283 348 1333 etiam
390 1283 452 1332 ab
489 1283 785 1348 ignorantia,
831 1285 1140 1344 offensiones,
1199 1284 1350 1343 rixas,
1400 1282 1558 1331 caedes
1604 1282 1722 1331 oriri

76 1363 102 1443 ‚²⁷
130 1425 139 1431 .,
201 1399 405 1435 necesse
429 1391 518 1433 est.
589 1385 790 1434 Quanta
825 1401 942 1449 ergo
978 1386 1085 1434 haee
1123 1385 1303 1434 damna
1330 1391 1460 1444 sunt,
1485 1390 1627 1432 tanta
1648 1390 1724 1431 est

201 1483 264 1533 ab
287 1483 558 1532 officiorum
582 1484 808 1534 doctrina
828 1485 955 1534 bene
970 1485 1157 1534 tradita
1171 1485 1374 1534 utilitas.
1412 1483 1549 1534 Quot
1567 1497 1723 1547 regeS,

68 1593 75 1604 ‘
201 1584 497 1648 eosdemque
517 1584 650 1634 viros
678 1586 850 1646 bonOS,
875 1601 1011 1635 error
1034 1602 1176 1646 unuS,
1200 1601 1344 1650 posse
1367 1600 1534 1649 regem
1556 1591 1724 1649 tyran-

201 1700 322 1734 num
340 1701 371 1733 a
387 1684 586 1734 subdito
609 1701 697 1734 suo
715 1687 826 1750 jure
850 1686 1026 1745 occidi,
1050 1687 1210 1736 occidi
1232 1686 1383 1735 feeit?
1452 1686 1604 1734 Error
1625 1684 1723 1744 hic,

207 1801 350 1850 posse
382 1786 656 1850 principem
690 1802 935 1836 summum
964 1788 1112 1836 certis
1149 1787 1210 1836 de
1235 1787 1392 1836 causis
1415 1803 1445 1835 a
1468 1786 1615 1835 certis
1639 1786 1726 1834 ho-

206 1885 420 1934 minibus
450 1901 604 1949 regno
644 1887 858 1951 spoliari,
890 1895 1133 1951 quantum
1163 1887 1419 1936 hominum
1445 1885 1726 1951 jugulavit?

209 1984 466 2035 Quantum
487 1985 742 2035 hominum
759 1987 1006 2036 interfecit
1029 1987 1254 2036 doctrina
1275 1987 1382 2036 haee
1406 2003 1626 2046 erronea,
1650 2002 1727 2034 re-

205 2101 295 2150 ges
318 2101 534 2135 summos
550 2087 864 2136 multitudine
888 2088 1160 2152 superiores
1182 2105 1283 2137 non
1305 2104 1424 2148 esse,
1450 2087 1538 2136 sed
1560 2086 1729 2135 minis-

206 2193 312 2237 tros
334 2188 438 2251 ejus
458 2187 475 2235 :⁴
517 2188 740 2252 Denique
762 2189 847 2237 illa
860 2196 981 2254 quot
1002 2189 1323 2239 rebellionum
1342 2206 1490 2238 eausa
1502 2189 1612 2249 fuit,
1633 2204 1731 2253 qua

210 2285 431 2345 doeetur‚
439 2286 680 2350 imperata
691 2303 865 2351 regum
881 2297 1047 2337 utrum
1057 2290 1190 2353 justa
1206 2305 1270 2337 an
1284 2289 1468 2353 injusta
1481 2288 1594 2348 sint,
1615 2304 1731 2352 cog-

106 2460 108 2462 ,
164 2379 168 2382 ’
209 2385 448 2436 nitionem
483 2386 548 2435 ad
576 2387 794 2452 privatos
823 2378 1046 2438 homines
1076 2390 1337 2454 pertinere,
1362 2396 1413 2438 et
1445 2389 1732 2453 priusquam

206 2487 344 2547 fiant,
369 2487 609 2552 disputari
622 2504 724 2537 non
747 2489 895 2538 modo
913 2491 1025 2554 jure
1041 2506 1185 2554 posse
1200 2490 1287 2540 sed
1307 2490 1456 2539 etiam
1475 2489 1730 2554 oportere?

210 2586 468 2647 Praeterea,
488 2587 540 2636 in
555 2589 881 2638 communiter
903 2597 1103 2654 recepta
1114 2590 1426 2655 philosophia
1439 2590 1614 2640 morali
1637 2591 1733 2640 alia

83 2679 138 2755 -ᾖ-
211 2695 326 2738 sunt
344 2688 505 2737 multa,
523 2705 624 2738 non
647 2689 809 2738 minus
839 2690 916 2739 his
944 2690 1236 2754 periculosa,
1267 2707 1376 2756 quae
1403 2691 1602 2740 recitari
1631 2708 1731 2740 non

212 2795 289 2837 est
300 2803 438 2852 opuS.
474 2789 598 2838 Puto
620 2789 727 2838 haec
749 2790 1055 2854 prospexisse
1071 2799 1262 2840 veteres
1279 2791 1404 2851 illos,
1421 2792 1506 2857 qui
1525 2793 1733 2857 justitiae

213 2888 469 2940 seientiam
485 2889 662 2940 fabulis
676 2896 970 2951 contectam,
989 2907 1137 2956 quam
1161 2891 1571 2956 disputationibus
1586 2910 1734 2957 expo-
