2020 3262
0 2460 3 2470 .

0 2675 2 2743 Ξ

463 261 605 296 LOCA
633 262 724 295 S.S.
753 258 1015 294 SECUNDA
1041 258 1395 292 ANTEDICTIS.
1529 247 1626 299 279

233 375 334 424 sive
356 376 616 439 potestatis
639 373 879 439 proregiae
901 370 1076 432 (Exod.
1100 387 1181 418 xx.
1214 376 1289 429 18,
1322 370 1400 432 19)
1427 389 1438 417 z
1469 369 1628 418 Cunc-
1669 395 1798 426 SECT,
1821 395 1888 426 ιη,

233 457 314 499 tas
347 450 570 516 populus
606 449 807 499 videbat
839 463 983 496 voees
1022 452 1073 493 et
1110 445 1387 509 lampades,
1419 452 1513 493 etc.
1550 445 1628 493 di·
1753 447 1803 476 ¹¹·

1685 493 1872 514 arxe-,2

232 532 400 574 centes
440 526 651 590 Moysi:
709 525 914 590 loquere
967 529 1019 571 tu
1060 521 1217 579 nobis,
1259 527 1308 568 et
1356 521 1628 569 audiemus.

237 610 405 659 Simile
426 618 531 659 erat
548 610 744 658 initium
756 608 897 672 regni
917 606 1075 655 Saulis
1095 605 1112 667 (
1124 612 1141 653 l
1165 604 1297 653 Sam.
1314 604 1397 652 xii.
1426 610 1500 663 12,
1523 606 1627 665 13):

241 686 478 734 Videntes
515 693 677 734 autem
711 684 848 750 quod
867 683 1017 731 Naas
1057 699 1149 730 rex
1169 681 1400 744 filiorum
1424 681 1630 727 Ammon

231 762 448 810 venisset
471 761 732 810 adversum
756 777 858 819 vos,
883 759 1092 807 dixistis
1112 757 1266 812 mil2i‚·
1301 773 1628 821 nequaqnam,

230 836 327 885 sed
347 854 440 885 γεω
467 836 736 902 imperabit
755 835 911 894 nobiS,
937 852 1043 883 eum
1066 834 1309 882 Dominus
1326 839 1490 880 vester
1510 849 1629 896 reg-

229 919 378 960 naret
401 913 451 960 in
477 913 629 960 vobis.
681 912 830 960 Nune
855 928 981 976 ergo
1013 915 1209 975 proesto
1234 916 1312 956 est
1335 925 1426 956 γεω
1451 914 1632 966 vester,

230 1005 371 1052 quem
395 987 628 1053 elegistis
644 994 693 1035 et
710 987 959 1052 petiistis.
1015 984 1446 1034 Consentientibus
1465 990 1630 1031 autem

228 1079 329 1111 non
353 1064 594 1123 omnibus,
617 1063 705 1111 sed
722 1063 908 1126 majore
925 1068 1082 1125 parte,
1103 1060 1239 1123 (nam
1260 1067 1415 1119 erant,
1448 1065 1466 1107 l
1498 1058 1627 1107 Sam.

227 1155 276 1187 x.
301 1143 383 1198 27,
396 1139 529 1187 Filii
552 1138 732 1187 Belial
755 1138 839 1202 qui
863 1138 1136 1192 dimerunt;
1174 1153 1283 1185 num
1309 1136 1512 1184 salvare
1536 1152 1626 1183 nos

224 1214 419 1278 poterit
470 1214 568 1262 iste
585 1218 614 1262 ,9
650 1220 701 1261 et
741 1213 1082 1278 despexerunt
1118 1213 1244 1275 eum)
1294 1212 1380 1272 illi,
1418 1212 1502 1275 qui
1531 1228 1632 1260 non

228 1297 596 1348 consenserunt,
621 1297 857 1353 tanquam
879 1289 1044 1337 hostes
1068 1289 1132 1336 ad
1149 1305 1322 1337 necem
1346 1288 1630 1352 quaereban-

226 1373 324 1413 tur.
401 1365 526 1422 Quis
564 1372 658 1424 est,
696 1365 765 1413 ait
792 1365 1001 1429 populus
1025 1365 1089 1413 ad
1114 1364 1391 1413 Samuelem
1419 1365 1465 1427 (1
1498 1364 1628 1412 Sam.

230 1441 296 1490 xi.
349 1441 452 1504 12),
489 1441 580 1506 qni
614 1441 766 1500 dixit,
791 1441 920 1489 Saul
941 1458 1037 1488 non
1061 1440 1304 1505 regnabit
1323 1456 1476 1504 super
1496 1457 1584 1488 nos
1601 1444 1629 1488 ,9

225 1516 366 1564 Date
403 1517 564 1577 viros,
589 1524 640 1565 et
671 1517 1026 1580 interficiemus
1051 1534 1151 1564 eos.

292 1600 343 1642 2.
376 1593 564 1641 Eodem
587 1594 747 1657 eapite
762 1600 918 1651 sexto,
935 1592 1155 1641 articulis
1174 1599 1312 1640 sexto
1332 1599 1382 1640 et
1402 1592 1628 1655 septimo,
1646 1592 1914 1665 ᾗζῗξῗθξὲξξᾊ

226 1677 478 1718 ostensum
503 1678 593 1729 est,
626 1677 734 1718 tum
752 1670 978 1733 judicia,
1015 1676 1122 1717 tum
1154 1669 1288 1716 bella
1325 1670 1385 1717 ab
1424 1669 1627 1717 arbitrio
1645 1647 1732 1730 bthr'io
1759 1681 1900 1718 imperan-

226 1745 504 1810 dependere
529 1746 650 1809 ejus,
678 1746 761 1809 qui
786 1762 1029 1793 summum
1062 1746 1212 1793 habet
1235 1746 1287 1792 in
1311 1745 1511 1793 civitate
1536 1745 1629 1792 im-
1645 1727 1913 1752 numummfflum'

224 1822 446 1886 perium;
482 1821 535 1869 id
559 1830 648 1880 est,
673 1822 725 1870 in
743 1821 1034 1869 monarchia
1053 1821 1199 1869 unius
1223 1821 1506 1869 monarehae
1529 1820 1630 1868 sive

225 1899 386 1963 regis.
450 1897 510 1946 Id
532 1905 699 1945 autem
731 1898 1054 1945 confirmatur
1072 1897 1260 1960 judicio
1284 1896 1437 1960 ipsius
1461 1896 1629 1960 populi

230 1974 434 2037 (lfSam.
469 1973 569 2021 viii.
590 1973 674 2036 20)
700 1993 711 2021 :
750 1973 961 2020 Erimus
980 1989 1070 2020 nos
1090 1989 1285 2037 quoque
1308 1973 1440 2020 sieut
1465 1989 1628 2020 omnes

221 2056 421 2116 gentes,
445 2056 496 2097 et
520 2064 820 2099 JUDICABIT
857 2066 947 2097 nos
983 2066 1076 2096 γεω
1113 2055 1300 2107 noster,
1324 2055 1374 2097 et
1397 2048 1629 2114 egredie-

227 2133 311 2175 tur
334 2132 452 2174 ante
476 2143 582 2185 nos,
606 2132 657 2173 et
662 2125 923 2190 pugnabit
949 2140 1127 2173 BELLA
1147 2131 1325 2173 nostra
1339 2142 1445 2190 pro
1468 2124 1626 2173 nobiS.

224 2203 290 2251 Et
333 2202 615 2251 testimonio
661 2202 791 2265 regis
839 2201 1128 2261 SalomoniS,
1165 2202 1298 2265 quod
1342 2201 1521 2250 attinet
1565 2201 1630 2249 ad

213 2278 436 2342 judicia,
462 2285 513 2326 et
536 2278 600 2326 ad
623 2278 788 2327 omnia
811 2278 872 2326 de
897 2278 1071 2342 quibus
1097 2278 1339 2342 disputari
1361 2285 1540 2342 potest,
1565 2294 1625 2326 an

226 2355 324 2404 sint
365 2354 493 2402 bona
538 2371 602 2403 an
638 2354 772 2402 mala
819 2355 865 2417 (1
896 2355 1018 2418 Reg.
1060 2354 1128 2402 iii.
1172 2356 1225 2417 9)
1249 2374 1259 2402 :
1296 2354 1465 2402 Dabis
1501 2370 1628 2419 ergo

226 2447 370 2486 servo
396 2436 480 2478 tuo
504 2446 593 2478 eor
617 2430 798 2489 docile,
824 2437 878 2478 ut
907 2429 1152 2495 populum
1188 2437 1321 2478 tuum
1345 2444 1626 2479 JUDICARE

216 2506 407 2572 possit,
427 2512 479 2554 et
496 2506 787 2554 discernere
814 2506 945 2554 inter
971 2520 1174 2555 BONUM
1201 2514 1251 2555 et
1274 2520 1495 2555 MALUM.
1564 2507 1629 2555 Et

232 2581 495 2631 Absalonis
517 2582 566 2644 (2
594 2582 724 2630 Sam.
750 2598 829 2630 xv.
868 2584 945 2646 3):
985 2582 1104 2631 Non
1129 2589 1209 2630 est
1245 2583 1333 2647 qui
1363 2589 1412 2631 te
1448 2583 1628 2631 audiat

227 2659 529 2708 constitutus
548 2675 581 2706 a
601 2675 740 2723 rege.

295 2741 340 2784 3.
380 2734 529 2784 Quod
573 2751 714 2798 reges
752 2735 918 2799 puniri
956 2751 986 2783 a
1027 2734 1233 2783 subditis
1273 2750 1375 2783 non
1419 2735 1624 2799 possint,
1645 2746 1777 2797 E0s‚qui
1791 2756 1866 2797 sugn-

229 2809 357 2859 sieut
373 2817 622 2859 ostensum
646 2818 721 2859 est
744 2827 906 2875 supra,
932 2810 1106 2874 capitis
1127 2810 1253 2858 sexti
1272 2811 1479 2860 articulo
1504 2811 1623 2860 duo-
1641 2799 1900 2872 ιῗζίῗῃῗξῗιῖἶζῗ.

229 2884 435 2946 decime,
460 2888 720 2937 confirmat
741 2904 828 2936 rex
851 2887 1028 2947 David,
1061 2887 1163 2951 qui,
1188 2903 1300 2936 cum
1324 2895 1627 2952 quaereretur
1642 2878 1699 2906 ὠή
1719 2887 1779 2906 '¹⁰¹¹
1798 2887 1890 2916 ΨΜ·
