<?xml version="1.0" encoding="UTF-8"?>
<!DOCTYPE html PUBLIC "-//W3C//DTD XHTML 1.0 Transitional//EN"
    "http://www.w3.org/TR/xhtml1/DTD/xhtml1-transitional.dtd">
<html xmlns="http://www.w3.org/1999/xhtml" xml:lang="en" lang="en">
 <head>
  <title>
</title>
<meta http-equiv="Content-Type" content="text/html;charset=utf-8" />
  <meta name='ocr-system' content='tesseract 3.04.00' />
  <meta name='ocr-capabilities' content='ocr_page ocr_carea ocr_par ocr_line ocrx_word'/>
</head>
<body>
  <div class='ocr_page' id='page_1' title='image "./operaphilosophic02hobbuoft_0269.png"; bbox 0 0 2020 3262; ppageno 0'>
   <div class='ocr_carea' id='block_1_1' title="bbox 0 0 1545 399">
    <p class='ocr_par' dir='ltr' id='par_1_1' title="bbox 0 0 1545 399">
     <span class='ocr_line' id='line_1_1' title="bbox 0 0 1545 399; baseline -0.001 -89"><span class='ocrx_word' id='word_1_1' title='bbox 0 0 51 399; x_wconf 56' lang='grc' dir='ltr'><em>ἶ</em></span> <span class='ocrx_word' id='word_1_2' title='bbox 306 275 378 309; x_wconf 81' lang='lat' dir='ltr'><strong>DE</strong></span> <span class='ocrx_word' id='word_1_3' title='bbox 405 277 546 310; x_wconf 78' lang='lat' dir='ltr'><strong>JURE</strong></span> <span class='ocrx_word' id='word_1_4' title='bbox 569 274 869 309; x_wconf 82' lang='lat' dir='ltr'>PARENTUM</span> <span class='ocrx_word' id='word_1_5' title='bbox 898 274 958 307; x_wconf 84' lang='lat' dir='ltr'><strong>IN</strong></span> <span class='ocrx_word' id='word_1_6' title='bbox 989 264 1241 318; x_wconf 82' lang='lat' dir='ltr'><strong>L113ERos,</strong></span> <span class='ocrx_word' id='word_1_7' title='bbox 1263 274 1379 307; x_wconf 74' lang='lat' dir='ltr'><strong>E&#39;rc.</strong></span> <span class='ocrx_word' id='word_1_8' title='bbox 1450 266 1545 308; x_wconf 82' lang='lat'><strong>255</strong></span> 
     </span>
    </p>
   </div>
   <div class='ocr_carea' id='block_1_2' title="bbox 0 386 1808 650">
    <p class='ocr_par' dir='ltr' id='par_1_2' title="bbox 0 386 1808 650">
     <span class='ocr_line' id='line_1_2' title="bbox 11 386 1808 454; baseline -0.001 -18"><span class='ocrx_word' id='word_1_9' title='bbox 11 439 14 440; x_wconf 9' lang='grc' dir='ltr'><em>γ</em></span> <span class='ocrx_word' id='word_1_10' title='bbox 142 388 322 436; x_wconf 67' lang='lat' dir='ltr'><strong>’niseus</strong></span> <span class='ocrx_word' id='word_1_11' title='bbox 346 387 577 437; x_wconf 74' lang='lat' dir='ltr'><strong>Socratis</strong></span> <span class='ocrx_word' id='word_1_12' title='bbox 605 394 766 454; x_wconf 78' lang='lat' dir='ltr'><strong>pater</strong></span> <span class='ocrx_word' id='word_1_13' title='bbox 801 393 893 446; x_wconf 78' lang='lat' dir='ltr'><strong>est,</strong></span> <span class='ocrx_word' id='word_1_14' title='bbox 919 402 1045 451; x_wconf 84' lang='lat' dir='ltr'><strong>ergo</strong></span> <span class='ocrx_word' id='word_1_15' title='bbox 1077 392 1127 433; x_wconf 81' lang='lat' dir='ltr'><strong>et</strong></span> <span class='ocrx_word' id='word_1_16' title='bbox 1152 386 1389 446; x_wconf 73' lang='lat' dir='ltr'><strong>dominns,</strong></span> <span class='ocrx_word' id='word_1_17' title='bbox 1413 394 1550 435; x_wconf 91' lang='lat' dir='ltr'><strong>recta</strong></span> <span class='ocrx_word' id='word_1_18' title='bbox 1589 406 1718 439; x_wconf 65' lang='lat' dir='ltr'><strong>sac-r.</strong></span> <span class='ocrx_word' id='word_1_19' title='bbox 1739 407 1808 439; x_wconf 87' lang='lat'>111.</span> 
     </span>
     <span class='ocr_line' id='line_1_3' title="bbox 0 445 1549 650; baseline -0.001 -138"><span class='ocrx_word' id='word_1_20' title='bbox 0 445 16 650; x_wconf 53' lang='grc' dir='ltr'>ἑ</span> <span class='ocrx_word' id='word_1_21' title='bbox 153 463 284 512; x_wconf 90' lang='lat' dir='ltr'><strong>forte</strong></span> <span class='ocrx_word' id='word_1_22' title='bbox 317 464 472 513; x_wconf 89' lang='lat' dir='ltr'><strong>illatio</strong></span> <span class='ocrx_word' id='word_1_23' title='bbox 508 472 596 524; x_wconf 89' lang='lat' dir='ltr'><strong>est,</strong></span> <span class='ocrx_word' id='word_1_24' title='bbox 621 472 852 513; x_wconf 87' lang='lat' dir='ltr'><strong>caeterum</strong></span> <span class='ocrx_word' id='word_1_25' title='bbox 886 479 987 510; x_wconf 92' lang='lat' dir='ltr'><strong>non</strong></span> <span class='ocrx_word' id='word_1_26' title='bbox 1019 461 1397 519; x_wconf 88' lang='lat' dir='ltr'><strong>evidentissima,</strong></span> <span class='ocrx_word' id='word_1_27' title='bbox 1429 463 1549 526; x_wconf 82' lang='lat' dir='ltr'><strong>qnia</strong></span> 
     </span>
    </p>
   </div>
   <div class='ocr_carea' id='block_1_3' title="bbox 1685 458 1714 488">
    <p class='ocr_par' dir='ltr' id='par_1_3' title="bbox 1685 458 1714 488">
     <span class='ocr_line' id='line_1_4' title="bbox 1685 458 1714 488; baseline 0 0"><span class='ocrx_word' id='word_1_28' title='bbox 1685 458 1714 488; x_wconf 90' lang='lat'><strong>9.</strong></span> 
     </span>
    </p>
   </div>
   <div class='ocr_carea' id='block_1_4' title="bbox 142 538 1836 1742">
    <p class='ocr_par' dir='ltr' id='par_1_4' title="bbox 142 538 1836 1742">
     <span class='ocr_line' id='line_1_5' title="bbox 159 538 1551 602; baseline -0.002 -13"><span class='ocrx_word' id='word_1_29' title='bbox 159 539 383 589; x_wconf 72' lang='lat' dir='ltr'><strong>dominus</strong></span> <span class='ocrx_word' id='word_1_30' title='bbox 422 548 524 589; x_wconf 91' lang='lat' dir='ltr'><strong>non</strong></span> <span class='ocrx_word' id='word_1_31' title='bbox 580 549 654 589; x_wconf 90' lang='lat' dir='ltr'><strong>est</strong></span> <span class='ocrx_word' id='word_1_32' title='bbox 698 541 750 588; x_wconf 91' lang='lat' dir='ltr'><strong>in</strong></span> <span class='ocrx_word' id='word_1_33' title='bbox 797 539 1080 588; x_wconf 90' lang='lat' dir='ltr'><strong>definitione</strong></span> <span class='ocrx_word' id='word_1_34' title='bbox 1115 538 1295 602; x_wconf 72' lang='lat' dir='ltr'><strong>patris</strong></span> <span class='ocrx_word' id='word_1_35' title='bbox 1313 556 1332 592; x_wconf 91' lang='lat'><em>;</em></span> <span class='ocrx_word' id='word_1_36' title='bbox 1385 538 1551 601; x_wconf 90' lang='lat' dir='ltr'><strong>itaque</strong></span> 
     </span>
     <span class='ocr_line' id='line_1_6' title="bbox 160 613 1553 680; baseline -0.001 -16"><span class='ocrx_word' id='word_1_37' title='bbox 160 631 284 680; x_wconf 90' lang='lat' dir='ltr'><strong>opus</strong></span> <span class='ocrx_word' id='word_1_38' title='bbox 315 623 391 664; x_wconf 90' lang='lat' dir='ltr'><strong>est</strong></span> <span class='ocrx_word' id='word_1_39' title='bbox 426 616 491 664; x_wconf 85' lang='lat' dir='ltr'><strong>ad</strong></span> <span class='ocrx_word' id='word_1_40' title='bbox 524 616 835 675; x_wconf 87' lang='lat' dir='ltr'><strong>evidentiam,</strong></span> <span class='ocrx_word' id='word_1_41' title='bbox 859 622 917 663; x_wconf 90' lang='lat' dir='ltr'><strong>ut</strong></span> <span class='ocrx_word' id='word_1_42' title='bbox 948 614 1127 680; x_wconf 75' lang='lat' dir='ltr'><strong>patris</strong></span> <span class='ocrx_word' id='word_1_43' title='bbox 1152 621 1203 661; x_wconf 91' lang='lat' dir='ltr'><strong>et</strong></span> <span class='ocrx_word' id='word_1_44' title='bbox 1227 613 1411 661; x_wconf 85' lang='lat' dir='ltr'><strong>domini</strong></span> <span class='ocrx_word' id='word_1_45' title='bbox 1435 630 1553 662; x_wconf 90' lang='lat' dir='ltr'><strong>con-</strong></span> 
     </span>
     <span class='ocr_line' id='line_1_7' title="bbox 161 689 1554 756; baseline -0.001 -18"><span class='ocrx_word' id='word_1_46' title='bbox 161 691 306 739; x_wconf 87' lang='lat' dir='ltr'><strong>nexio</strong></span> <span class='ocrx_word' id='word_1_47' title='bbox 323 692 607 756; x_wconf 85' lang='lat' dir='ltr'><strong>explicetur.</strong></span> <span class='ocrx_word' id='word_1_48' title='bbox 679 692 777 747; x_wconf 83' lang='lat' dir='ltr'><strong>Qui</strong></span> <span class='ocrx_word' id='word_1_49' title='bbox 799 692 1039 740; x_wconf 89' lang='lat' dir='ltr'><strong>hactenus</strong></span> <span class='ocrx_word' id='word_1_50' title='bbox 1072 689 1343 738; x_wconf 91' lang='lat' dir='ltr'><strong>dominium</strong></span> <span class='ocrx_word' id='word_1_51' title='bbox 1375 690 1554 754; x_wconf 73' lang='lat' dir='ltr'><strong>patris</strong></span> 
     </span>
     <span class='ocr_line' id='line_1_8' title="bbox 161 763 1555 830; baseline -0.003 -16"><span class='ocrx_word' id='word_1_52' title='bbox 161 766 214 815; x_wconf 90' lang='lat' dir='ltr'><strong>in</strong></span> <span class='ocrx_word' id='word_1_53' title='bbox 237 765 424 814; x_wconf 74' lang='lat' dir='ltr'><strong>liberos</strong></span> <span class='ocrx_word' id='word_1_54' title='bbox 439 783 653 816; x_wconf 83' lang='lat' dir='ltr'><strong>asserere</strong></span> <span class='ocrx_word' id='word_1_55' title='bbox 671 767 835 816; x_wconf 86' lang='lat' dir='ltr'><strong>conati</strong></span> <span class='ocrx_word' id='word_1_56' title='bbox 855 774 985 826; x_wconf 89' lang='lat' dir='ltr'><strong>sunt,</strong></span> <span class='ocrx_word' id='word_1_57' title='bbox 1002 771 1347 830; x_wconf 83' lang='lat' dir='ltr'><strong>argumentum</strong></span> <span class='ocrx_word' id='word_1_58' title='bbox 1364 763 1555 811; x_wconf 89' lang='lat' dir='ltr'><strong>nullum</strong></span> 
     </span>
     <span class='ocr_line' id='line_1_9' title="bbox 142 839 1555 908; baseline -0.003 -17"><span class='ocrx_word' id='word_1_59' title='bbox 142 842 371 891; x_wconf 72' lang='lat' dir='ltr'><strong>&#39;attulere</strong></span> <span class='ocrx_word' id='word_1_60' title='bbox 393 849 575 906; x_wconf 89' lang='lat' dir='ltr'><strong>praeter</strong></span> <span class='ocrx_word' id='word_1_61' title='bbox 588 843 965 908; x_wconf 80' lang='lat' dir='ltr'><strong>generationem</strong></span> <span class='ocrx_word' id='word_1_62' title='bbox 985 863 997 898; x_wconf 90' lang='lat'>;</span> <span class='ocrx_word' id='word_1_63' title='bbox 1023 841 1164 905; x_wconf 87' lang='lat' dir='ltr'><strong>quasi</strong></span> <span class='ocrx_word' id='word_1_64' title='bbox 1178 856 1268 904; x_wconf 91' lang='lat' dir='ltr'><strong>per</strong></span> <span class='ocrx_word' id='word_1_65' title='bbox 1285 856 1337 888; x_wconf 91' lang='lat' dir='ltr'><strong>se</strong></span> <span class='ocrx_word' id='word_1_66' title='bbox 1356 839 1555 887; x_wconf 88' lang='lat' dir='ltr'><strong>evidens</strong></span> 
     </span>
     <span class='ocr_line' id='line_1_10' title="bbox 161 915 1556 982; baseline -0.002 -16"><span class='ocrx_word' id='word_1_67' title='bbox 161 918 240 974; x_wconf 89' lang='lat' dir='ltr'><strong>sit,</strong></span> <span class='ocrx_word' id='word_1_68' title='bbox 266 917 399 982; x_wconf 90' lang='lat' dir='ltr'><strong>quod</strong></span> <span class='ocrx_word' id='word_1_69' title='bbox 435 935 466 966; x_wconf 86' lang='lat' dir='ltr'><strong>a</strong></span> <span class='ocrx_word' id='word_1_70' title='bbox 501 934 580 966; x_wconf 92' lang='lat' dir='ltr'><strong>me</strong></span> <span class='ocrx_word' id='word_1_71' title='bbox 615 919 837 982; x_wconf 86' lang='lat' dir='ltr'><strong>genitum</strong></span> <span class='ocrx_word' id='word_1_72' title='bbox 861 926 937 966; x_wconf 90' lang='lat' dir='ltr'><strong>est</strong></span> <span class='ocrx_word' id='word_1_73' title='bbox 972 933 1136 965; x_wconf 90' lang='lat' dir='ltr'><strong>meum</strong></span> <span class='ocrx_word' id='word_1_74' title='bbox 1159 932 1295 972; x_wconf 91' lang='lat' dir='ltr'><strong>esse;</strong></span> <span class='ocrx_word' id='word_1_75' title='bbox 1332 915 1556 964; x_wconf 91' lang='lat' dir='ltr'><strong>similiter</strong></span> 
     </span>
     <span class='ocr_line' id='line_1_11' title="bbox 159 991 1557 1058; baseline -0.002 -16"><span class='ocrx_word' id='word_1_76' title='bbox 159 993 410 1053; x_wconf 82' lang='lat' dir='ltr'><strong>facienteS,</strong></span> <span class='ocrx_word' id='word_1_77' title='bbox 429 1010 488 1042; x_wconf 87' lang='lat' dir='ltr'><strong>ac</strong></span> <span class='ocrx_word' id='word_1_78' title='bbox 511 994 552 1042; x_wconf 89' lang='lat' dir='ltr'><strong>si</strong></span> <span class='ocrx_word' id='word_1_79' title='bbox 576 994 683 1057; x_wconf 90' lang='lat' dir='ltr'><strong>quis</strong></span> <span class='ocrx_word' id='word_1_80' title='bbox 704 1001 861 1058; x_wconf 87' lang='lat' dir='ltr'><strong>putet,</strong></span> <span class='ocrx_word' id='word_1_81' title='bbox 886 994 928 1042; x_wconf 88' lang='lat' dir='ltr'><strong>si</strong></span> <span class='ocrx_word' id='word_1_82' title='bbox 950 993 1254 1057; x_wconf 87' lang='lat' dir='ltr'><strong>triangulum</strong></span> <span class='ocrx_word' id='word_1_83' title='bbox 1277 992 1355 1051; x_wconf 90' lang='lat' dir='ltr'><strong>sit,</strong></span> <span class='ocrx_word' id='word_1_84' title='bbox 1390 991 1557 1040; x_wconf 86' lang='lat' dir='ltr'><strong>statim</strong></span> 
     </span>
     <span class='ocr_line' id='line_1_12' title="bbox 159 1068 1556 1134; baseline -0.002 -16"><span class='ocrx_word' id='word_1_85' title='bbox 159 1085 396 1134; x_wconf 82' lang='lat' dir='ltr'><strong>apparere</strong></span> <span class='ocrx_word' id='word_1_86' title='bbox 419 1070 524 1118; x_wconf 87' lang='lat' dir='ltr'><strong>sine</strong></span> <span class='ocrx_word' id='word_1_87' title='bbox 547 1070 642 1118; x_wconf 89' lang='lat' dir='ltr'><strong>alia</strong></span> <span class='ocrx_word' id='word_1_88' title='bbox 663 1069 1039 1118; x_wconf 85' lang='lat' dir='ltr'><strong>ratiocinatione</strong></span> <span class='ocrx_word' id='word_1_89' title='bbox 1062 1068 1269 1133; x_wconf 89' lang='lat' dir='ltr'><strong>angulos</strong></span> <span class='ocrx_word' id='word_1_90' title='bbox 1306 1069 1410 1131; x_wconf 88' lang='lat' dir='ltr'><strong>ejus</strong></span> <span class='ocrx_word' id='word_1_91' title='bbox 1451 1083 1556 1115; x_wconf 90' lang='lat' dir='ltr'><strong>esse</strong></span> 
     </span>
     <span class='ocr_line' id='line_1_13' title="bbox 159 1143 1555 1213; baseline -0.002 -19"><span class='ocrx_word' id='word_1_92' title='bbox 159 1145 373 1213; x_wconf 83' lang='lat' dir='ltr'><strong>aequales</strong></span> <span class='ocrx_word' id='word_1_93' title='bbox 397 1145 587 1194; x_wconf 89' lang='lat' dir='ltr'><strong>duobus</strong></span> <span class='ocrx_word' id='word_1_94' title='bbox 622 1145 785 1194; x_wconf 81' lang='lat' dir='ltr'><strong>rectis,</strong></span> <span class='ocrx_word' id='word_1_95' title='bbox 855 1147 1112 1204; x_wconf 78' lang='lat' dir='ltr'><strong>Praeterea,</strong></span> <span class='ocrx_word' id='word_1_96' title='bbox 1137 1161 1250 1193; x_wconf 86' lang='lat' dir='ltr'><strong>cum</strong></span> <span class='ocrx_word' id='word_1_97' title='bbox 1273 1143 1555 1202; x_wconf 83' lang='lat' dir='ltr'><strong>dominium,</strong></span> 
     </span>
     <span class='ocr_line' id='line_1_14' title="bbox 159 1220 1558 1287; baseline -0.002 -17"><span class='ocrx_word' id='word_1_98' title='bbox 159 1221 255 1270; x_wconf 89' lang='lat' dir='ltr'><strong>hoc</strong></span> <span class='ocrx_word' id='word_1_99' title='bbox 278 1229 353 1270; x_wconf 89' lang='lat' dir='ltr'><strong>est</strong></span> <span class='ocrx_word' id='word_1_100' title='bbox 370 1222 635 1287; x_wconf 80' lang='lat' dir='ltr'><strong>&#39;imperinm</strong></span> <span class='ocrx_word' id='word_1_101' title='bbox 659 1239 955 1286; x_wconf 76' lang='lat' dir='ltr'><strong>supremum,</strong></span> <span class='ocrx_word' id='word_1_102' title='bbox 980 1221 1273 1270; x_wconf 87' lang='lat' dir='ltr'><strong>indivisibile</strong></span> <span class='ocrx_word' id='word_1_103' title='bbox 1297 1221 1376 1280; x_wconf 92' lang='lat' dir='ltr'><strong>sit,</strong></span> <span class='ocrx_word' id='word_1_104' title='bbox 1408 1220 1479 1268; x_wconf 88' lang='lat' dir='ltr'><strong>ita</strong></span> <span class='ocrx_word' id='word_1_105' title='bbox 1501 1228 1558 1268; x_wconf 93' lang='lat' dir='ltr'><strong>ut</strong></span> 
     </span>
     <span class='ocr_line' id='line_1_15' title="bbox 157 1296 1557 1361; baseline -0.003 -14"><span class='ocrx_word' id='word_1_106' title='bbox 157 1313 306 1346; x_wconf 91' lang='lat' dir='ltr'><strong>nemo</strong></span> <span class='ocrx_word' id='word_1_107' title='bbox 335 1298 524 1347; x_wconf 89' lang='lat' dir='ltr'><strong>duobus</strong></span> <span class='ocrx_word' id='word_1_108' title='bbox 552 1298 763 1347; x_wconf 89' lang='lat' dir='ltr'><strong>dominis</strong></span> <span class='ocrx_word' id='word_1_109' title='bbox 798 1298 980 1347; x_wconf 89' lang='lat' dir='ltr'><strong>servire</strong></span> <span class='ocrx_word' id='word_1_110' title='bbox 1003 1298 1174 1361; x_wconf 78' lang='lat' dir='ltr'><strong>possit,</strong></span> <span class='ocrx_word' id='word_1_111' title='bbox 1192 1297 1257 1345; x_wconf 87' lang='lat' dir='ltr'><strong>ad</strong></span> <span class='ocrx_word' id='word_1_112' title='bbox 1283 1296 1557 1361; x_wconf 85' lang='lat' dir='ltr'><strong>generatio-</strong></span> 
     </span>
     <span class='ocr_line' id='line_1_16' title="bbox 157 1372 1556 1439; baseline -0.003 -16"><span class='ocrx_word' id='word_1_113' title='bbox 157 1388 274 1423; x_wconf 88' lang='lat' dir='ltr'><strong>nem</strong></span> <span class='ocrx_word' id='word_1_114' title='bbox 287 1381 453 1423; x_wconf 85' lang='lat' dir='ltr'><strong>autem</strong></span> <span class='ocrx_word' id='word_1_115' title='bbox 471 1375 582 1423; x_wconf 87' lang='lat' dir='ltr'><strong>duae</strong></span> <span class='ocrx_word' id='word_1_116' title='bbox 595 1391 818 1439; x_wconf 77' lang='lat' dir='ltr'><strong>personae</strong></span> <span class='ocrx_word' id='word_1_117' title='bbox 837 1381 1152 1433; x_wconf 86' lang='lat' dir='ltr'><strong>concurrant,</strong></span> <span class='ocrx_word' id='word_1_118' title='bbox 1176 1389 1283 1421; x_wconf 78' lang='lat' dir='ltr'><strong>mas</strong></span> <span class='ocrx_word' id='word_1_119' title='bbox 1308 1380 1358 1421; x_wconf 90' lang='lat' dir='ltr'><strong>et</strong></span> <span class='ocrx_word' id='word_1_120' title='bbox 1374 1372 1556 1437; x_wconf 82' lang='lat' dir='ltr'><strong>foemi-</strong></span> 
     </span>
     <span class='ocr_line' id='line_1_17' title="bbox 157 1448 1557 1515; baseline -0.003 -16"><span class='ocrx_word' id='word_1_121' title='bbox 157 1465 241 1510; x_wconf 86' lang='lat' dir='ltr'><strong>na,</strong></span> <span class='ocrx_word' id='word_1_122' title='bbox 264 1450 565 1515; x_wconf 90' lang='lat' dir='ltr'><strong>impossibile</strong></span> <span class='ocrx_word' id='word_1_123' title='bbox 590 1457 664 1499; x_wconf 90' lang='lat' dir='ltr'><strong>est</strong></span> <span class='ocrx_word' id='word_1_124' title='bbox 685 1457 742 1499; x_wconf 92' lang='lat' dir='ltr'><strong>ut</strong></span> <span class='ocrx_word' id='word_1_125' title='bbox 766 1450 1032 1498; x_wconf 80' lang='lat' dir='ltr'><strong>dominium</strong></span> <span class='ocrx_word' id='word_1_126' title='bbox 1056 1449 1256 1498; x_wconf 90' lang='lat' dir='ltr'><strong>omnino</strong></span> <span class='ocrx_word' id='word_1_127' title='bbox 1271 1448 1557 1513; x_wconf 86' lang='lat' dir='ltr'><strong>acquiratur</strong></span> 
     </span>
     <span class='ocr_line' id='line_1_18' title="bbox 157 1523 1558 1590; baseline -0.001 -16"><span class='ocrx_word' id='word_1_128' title='bbox 157 1526 263 1575; x_wconf 86' lang='lat' dir='ltr'><strong>sola</strong></span> <span class='ocrx_word' id='word_1_129' title='bbox 309 1527 643 1590; x_wconf 87' lang='lat' dir='ltr'><strong>generatione.</strong></span> <span class='ocrx_word' id='word_1_130' title='bbox 714 1527 881 1576; x_wconf 77' lang='lat' dir='ltr'><strong>Quare</strong></span> <span class='ocrx_word' id='word_1_131' title='bbox 927 1526 1065 1589; x_wconf 86' lang='lat' dir='ltr'><strong>origo</strong></span> <span class='ocrx_word' id='word_1_132' title='bbox 1101 1525 1306 1574; x_wconf 84' lang='lat' dir='ltr'><strong>dominii</strong></span> <span class='ocrx_word' id='word_1_133' title='bbox 1341 1523 1558 1590; x_wconf 79' lang='lat' dir='ltr'><strong>paterni</strong></span> 
     </span>
     <span class='ocr_line' id='line_1_19' title="bbox 154 1601 1089 1667; baseline -0.002 -16"><span class='ocrx_word' id='word_1_134' title='bbox 154 1601 441 1667; x_wconf 86' lang='lat' dir='ltr'><strong>diligentius</strong></span> <span class='ocrx_word' id='word_1_135' title='bbox 463 1603 558 1651; x_wconf 80' lang='lat' dir='ltr'><strong>hoc</strong></span> <span class='ocrx_word' id='word_1_136' title='bbox 580 1603 689 1664; x_wconf 82' lang='lat' dir='ltr'><strong>loco</strong></span> <span class='ocrx_word' id='word_1_137' title='bbox 714 1602 979 1666; x_wconf 77' lang='lat' dir='ltr'><strong>quaerenda</strong></span> <span class='ocrx_word' id='word_1_138' title='bbox 1001 1608 1089 1650; x_wconf 90' lang='lat' dir='ltr'><strong>est.</strong></span> 
     </span>
     <span class='ocr_line' id='line_1_20' title="bbox 223 1677 1836 1742; baseline -0.002 -16"><span class='ocrx_word' id='word_1_139' title='bbox 223 1684 272 1726; x_wconf 82' lang='lat'><strong>2.</strong></span> <span class='ocrx_word' id='word_1_140' title='bbox 308 1678 635 1726; x_wconf 88' lang='lat' dir='ltr'><strong>Redeundum</strong></span> <span class='ocrx_word' id='word_1_141' title='bbox 657 1678 811 1742; x_wconf 89' lang='lat' dir='ltr'><strong>igitur</strong></span> <span class='ocrx_word' id='word_1_142' title='bbox 835 1684 910 1725; x_wconf 91' lang='lat' dir='ltr'><strong>est</strong></span> <span class='ocrx_word' id='word_1_143' title='bbox 945 1677 1011 1725; x_wconf 88' lang='lat' dir='ltr'><strong>ad</strong></span> <span class='ocrx_word' id='word_1_144' title='bbox 1042 1683 1225 1726; x_wconf 89' lang='lat' dir='ltr'><strong>statum</strong></span> <span class='ocrx_word' id='word_1_145' title='bbox 1258 1677 1550 1735; x_wconf 86' lang='lat' dir='ltr'><strong>naturalem,</strong></span> <span class='ocrx_word' id='word_1_146' title='bbox 1569 1687 1836 1717; x_wconf 85' lang='lat' dir='ltr'><strong>Dominiuminin-</strong></span> 
     </span>
    </p>
   </div>
   <div class='ocr_carea' id='block_1_5' title="bbox 157 1732 1838 1818">
    <p class='ocr_par' dir='ltr' id='par_1_5' title="bbox 157 1732 1838 1818">
     <span class='ocr_line' id='line_1_21' title="bbox 157 1732 1838 1818; baseline 0.001 -16"><span class='ocrx_word' id='word_1_147' title='bbox 157 1754 210 1802; x_wconf 90' lang='lat' dir='ltr'><strong>in</strong></span> <span class='ocrx_word' id='word_1_148' title='bbox 226 1770 340 1818; x_wconf 91' lang='lat' dir='ltr'><strong>quo,</strong></span> <span class='ocrx_word' id='word_1_149' title='bbox 356 1762 561 1818; x_wconf 92' lang='lat' dir='ltr'><strong>propter</strong></span> <span class='ocrx_word' id='word_1_150' title='bbox 578 1753 910 1817; x_wconf 77' lang='lat' dir='ltr'><strong>aequalitatem</strong></span> <span class='ocrx_word' id='word_1_151' title='bbox 926 1760 1133 1812; x_wconf 87' lang='lat' dir='ltr'><strong>naturae,</strong></span> <span class='ocrx_word' id='word_1_152' title='bbox 1142 1768 1311 1801; x_wconf 90' lang='lat' dir='ltr'><strong>omnes</strong></span> <span class='ocrx_word' id='word_1_153' title='bbox 1330 1753 1551 1802; x_wconf 88' lang='lat' dir='ltr'><strong>homines</strong></span> <span class='ocrx_word' id='word_1_154' title='bbox 1568 1732 1759 1813; x_wconf 52' lang='grc' dir='ltr'><strong>ξῗῖἷωζήῗῃῖἶ</strong></span> <span class='ocrx_word' id='word_1_155' title='bbox 1783 1735 1838 1804; x_wconf 61' lang='grc' dir='ltr'><strong>ἶῗέ</strong></span> 
     </span>
    </p>
   </div>
   <div class='ocr_carea' id='block_1_6' title="bbox 144 1819 1839 2274">
    <p class='ocr_par' dir='ltr' id='par_1_6' title="bbox 144 1819 1839 2274">
     <span class='ocr_line' id='line_1_22' title="bbox 156 1819 1839 1893; baseline -0.001 -14"><span class='ocrx_word' id='word_1_156' title='bbox 156 1837 364 1879; x_wconf 87' lang='lat' dir='ltr'><strong>maturae</strong></span> <span class='ocrx_word' id='word_1_157' title='bbox 387 1830 547 1879; x_wconf 86' lang='lat' dir='ltr'><strong>aetatis</strong></span> <span class='ocrx_word' id='word_1_158' title='bbox 580 1830 710 1878; x_wconf 88' lang='lat' dir='ltr'><strong>inter</strong></span> <span class='ocrx_word' id='word_1_159' title='bbox 734 1845 785 1877; x_wconf 91' lang='lat' dir='ltr'><strong>se</strong></span> <span class='ocrx_word' id='word_1_160' title='bbox 809 1830 1019 1893; x_wconf 89' lang='lat' dir='ltr'><strong>aequales</strong></span> <span class='ocrx_word' id='word_1_161' title='bbox 1042 1830 1255 1878; x_wconf 88' lang='lat' dir='ltr'><strong>habendi</strong></span> <span class='ocrx_word' id='word_1_162' title='bbox 1277 1837 1407 1878; x_wconf 89' lang='lat' dir='ltr'><strong>sunt.</strong></span> <span class='ocrx_word' id='word_1_163' title='bbox 1477 1829 1554 1877; x_wconf 91' lang='lat' dir='ltr'><strong>Ibi</strong></span> <span class='ocrx_word' id='word_1_164' title='bbox 1567 1819 1762 1892; x_wconf 51' lang='lat' dir='ltr'>fflffioemoe</span> <span class='ocrx_word' id='word_1_165' title='bbox 1783 1828 1839 1848; x_wconf 75' lang='lat'><strong>³¹¹⁸</strong></span> 
     </span>
     <span class='ocr_line' id='line_1_23' title="bbox 144 1905 1554 1970; baseline -0.001 -16"><span class='ocrx_word' id='word_1_166' title='bbox 144 1907 271 1970; x_wconf 78' lang='lat' dir='ltr'><strong>jure</strong></span> <span class='ocrx_word' id='word_1_167' title='bbox 293 1912 486 1954; x_wconf 81' lang='lat' dir='ltr'><strong>naturoe</strong></span> <span class='ocrx_word' id='word_1_168' title='bbox 521 1905 679 1954; x_wconf 85' lang='lat' dir='ltr'><strong>victor</strong></span> <span class='ocrx_word' id='word_1_169' title='bbox 701 1905 822 1954; x_wconf 89' lang='lat' dir='ltr'><strong>victi</strong></span> <span class='ocrx_word' id='word_1_170' title='bbox 857 1906 1081 1954; x_wconf 77' lang='lat' dir='ltr'><strong>dominns</strong></span> <span class='ocrx_word' id='word_1_171' title='bbox 1116 1913 1221 1962; x_wconf 90' lang='lat' dir='ltr'><strong>est;</strong></span> <span class='ocrx_word' id='word_1_172' title='bbox 1245 1906 1368 1968; x_wconf 81' lang='lat' dir='ltr'><strong>jure</strong></span> <span class='ocrx_word' id='word_1_173' title='bbox 1402 1906 1554 1969; x_wconf 88' lang='lat' dir='ltr'><strong>igitur</strong></span> 
     </span>
     <span class='ocr_line' id='line_1_24' title="bbox 157 1980 1552 2046; baseline -0.001 -16"><span class='ocrx_word' id='word_1_174' title='bbox 157 1988 352 2030; x_wconf 81' lang='lat' dir='ltr'><strong>natnrae</strong></span> <span class='ocrx_word' id='word_1_175' title='bbox 371 1981 642 2030; x_wconf 90' lang='lat' dir='ltr'><strong>dominium</strong></span> <span class='ocrx_word' id='word_1_176' title='bbox 655 1980 871 2046; x_wconf 73' lang='lat' dir='ltr'><strong>infantis</strong></span> <span class='ocrx_word' id='word_1_177' title='bbox 889 1981 953 2030; x_wconf 89' lang='lat' dir='ltr'><strong>ad</strong></span> <span class='ocrx_word' id='word_1_178' title='bbox 967 1997 1080 2029; x_wconf 88' lang='lat' dir='ltr'><strong>eum</strong></span> <span class='ocrx_word' id='word_1_179' title='bbox 1092 1982 1306 2046; x_wconf 91' lang='lat' dir='ltr'><strong>primum</strong></span> <span class='ocrx_word' id='word_1_180' title='bbox 1322 1982 1552 2045; x_wconf 88' lang='lat' dir='ltr'><strong>pertinet,</strong></span> 
     </span>
     <span class='ocr_line' id='line_1_25' title="bbox 157 2058 1556 2122; baseline 0 -16"><span class='ocrx_word' id='word_1_181' title='bbox 157 2058 244 2122; x_wconf 92' lang='lat' dir='ltr'><strong>qui</strong></span> <span class='ocrx_word' id='word_1_182' title='bbox 265 2058 452 2122; x_wconf 88' lang='lat' dir='ltr'><strong>primus</strong></span> <span class='ocrx_word' id='word_1_183' title='bbox 474 2058 526 2106; x_wconf 91' lang='lat' dir='ltr'><strong>in</strong></span> <span class='ocrx_word' id='word_1_184' title='bbox 548 2065 794 2122; x_wconf 89' lang='lat' dir='ltr'><strong>potestate</strong></span> <span class='ocrx_word' id='word_1_185' title='bbox 817 2074 904 2106; x_wconf 89' lang='lat' dir='ltr'><strong>sua</strong></span> <span class='ocrx_word' id='word_1_186' title='bbox 927 2059 1087 2122; x_wconf 90' lang='lat' dir='ltr'><strong>ipsum</strong></span> <span class='ocrx_word' id='word_1_187' title='bbox 1109 2059 1274 2107; x_wconf 89' lang='lat' dir='ltr'><strong>habet.</strong></span> <span class='ocrx_word' id='word_1_188' title='bbox 1323 2058 1556 2107; x_wconf 84' lang='lat' dir='ltr'><strong>Manifes-</strong></span> 
     </span>
     <span class='ocr_line' id='line_1_26' title="bbox 156 2134 1555 2198; baseline 0.001 -16"><span class='ocrx_word' id='word_1_189' title='bbox 156 2140 264 2182; x_wconf 85' lang='lat' dir='ltr'><strong>tum</strong></span> <span class='ocrx_word' id='word_1_190' title='bbox 286 2141 451 2182; x_wconf 88' lang='lat' dir='ltr'><strong>autem</strong></span> <span class='ocrx_word' id='word_1_191' title='bbox 475 2142 550 2182; x_wconf 90' lang='lat' dir='ltr'><strong>est</strong></span> <span class='ocrx_word' id='word_1_192' title='bbox 580 2150 687 2181; x_wconf 82' lang='lat' dir='ltr'><strong>eum</strong></span> <span class='ocrx_word' id='word_1_193' title='bbox 722 2134 805 2197; x_wconf 90' lang='lat' dir='ltr'><strong>qui</strong></span> <span class='ocrx_word' id='word_1_194' title='bbox 839 2134 986 2182; x_wconf 90' lang='lat' dir='ltr'><strong>modo</strong></span> <span class='ocrx_word' id='word_1_195' title='bbox 1021 2135 1266 2194; x_wconf 75' lang='lat' dir='ltr'><strong>nascitur,</strong></span> <span class='ocrx_word' id='word_1_196' title='bbox 1289 2135 1425 2198; x_wconf 92' lang='lat' dir='ltr'><strong>prius</strong></span> <span class='ocrx_word' id='word_1_197' title='bbox 1449 2151 1555 2183; x_wconf 88' lang='lat' dir='ltr'><strong>esse</strong></span> 
     </span>
     <span class='ocr_line' id='line_1_27' title="bbox 156 2210 1557 2274; baseline 0 -15"><span class='ocrx_word' id='word_1_198' title='bbox 156 2210 210 2259; x_wconf 91' lang='lat' dir='ltr'><strong>in</strong></span> <span class='ocrx_word' id='word_1_199' title='bbox 240 2217 486 2274; x_wconf 85' lang='lat' dir='ltr'><strong>potestate</strong></span> <span class='ocrx_word' id='word_1_200' title='bbox 515 2210 711 2269; x_wconf 74' lang='lat' dir='ltr'><strong>matris,</strong></span> <span class='ocrx_word' id='word_1_201' title='bbox 737 2227 883 2274; x_wconf 89' lang='lat' dir='ltr'><strong>quam</strong></span> <span class='ocrx_word' id='word_1_202' title='bbox 907 2212 1194 2274; x_wconf 86' lang='lat' dir='ltr'><strong>cujusquam</strong></span> <span class='ocrx_word' id='word_1_203' title='bbox 1217 2212 1417 2260; x_wconf 87' lang='lat' dir='ltr'><strong>alterius</strong></span> <span class='ocrx_word' id='word_1_204' title='bbox 1438 2233 1450 2268; x_wconf 90' lang='lat'>;</span> <span class='ocrx_word' id='word_1_205' title='bbox 1485 2212 1557 2259; x_wconf 89' lang='lat' dir='ltr'><strong>ita</strong></span> 
     </span>
    </p>
   </div>
   <div class='ocr_carea' id='block_1_7' title="bbox 0 2286 1556 2550">
    <p class='ocr_par' dir='ltr' id='par_1_7' title="bbox 0 2286 1556 2550">
     <span class='ocr_line' id='line_1_28' title="bbox 12 2286 1556 2351; baseline 0.001 -17"><span class='ocrx_word' id='word_1_206' title='bbox 12 2339 21 2351; x_wconf 29' lang='lat' dir='ltr'><em>V</em></span> <span class='ocrx_word' id='word_1_207' title='bbox 155 2293 212 2335; x_wconf 88' lang='lat' dir='ltr'><strong>ut</strong></span> <span class='ocrx_word' id='word_1_208' title='bbox 235 2287 374 2335; x_wconf 90' lang='lat' dir='ltr'><strong>illum</strong></span> <span class='ocrx_word' id='word_1_209' title='bbox 408 2287 487 2334; x_wconf 88' lang='lat' dir='ltr'><strong>vel</strong></span> <span class='ocrx_word' id='word_1_210' title='bbox 510 2286 736 2346; x_wconf 83' lang='lat' dir='ltr'><strong>educare,</strong></span> <span class='ocrx_word' id='word_1_211' title='bbox 768 2287 848 2335; x_wconf 84' lang='lat' dir='ltr'><strong>vel</strong></span> <span class='ocrx_word' id='word_1_212' title='bbox 884 2302 1143 2351; x_wconf 84' lang='lat' dir='ltr'><strong>exponere,</strong></span> <span class='ocrx_word' id='word_1_213' title='bbox 1167 2304 1254 2336; x_wconf 90' lang='lat' dir='ltr'><strong>suo</strong></span> <span class='ocrx_word' id='word_1_214' title='bbox 1278 2288 1480 2337; x_wconf 89' lang='lat' dir='ltr'><strong>arbitrio</strong></span> <span class='ocrx_word' id='word_1_215' title='bbox 1505 2296 1556 2337; x_wconf 90' lang='lat' dir='ltr'><strong>et</strong></span> 
     </span>
     <span class='ocr_line' id='line_1_29' title="bbox 0 2353 455 2512; baseline 0 -101"><span class='ocrx_word' id='word_1_216' title='bbox 0 2353 28 2512; x_wconf 56' lang='grc' dir='ltr'>ἓ</span> <span class='ocrx_word' id='word_1_217' title='bbox 150 2364 264 2428; x_wconf 86' lang='lat' dir='ltr'><strong>jure</strong></span> <span class='ocrx_word' id='word_1_218' title='bbox 285 2363 455 2427; x_wconf 88' lang='lat' dir='ltr'><strong>possit.</strong></span> 
     </span>
     <span class='ocr_line' id='line_1_30' title="bbox 0 2513 22 2550; baseline 0 -2"><span class='ocrx_word' id='word_1_219' title='bbox 0 2513 22 2550; x_wconf 62' lang='lat' dir='ltr'><strong>k.</strong></span> 
     </span>
    </p>
   </div>
   <div class='ocr_carea' id='block_1_8' title="bbox 0 655 28 2352">
    <p class='ocr_par' dir='ltr' id='par_1_8' title="bbox 0 655 28 2352">
     <span class='ocr_line' id='line_1_31' title="bbox 0 655 28 2352; baseline 0 0"><span class='ocrx_word' id='word_1_220' title='bbox 0 655 28 2352; x_wconf 95' lang='lat' dir='ltr'><strong> </strong></span> 
     </span>
    </p>
   </div>
   <div class='ocr_carea' id='block_1_9' title="bbox 155 2439 1838 2886">
    <p class='ocr_par' dir='ltr' id='par_1_9' title="bbox 157 2439 1838 2657">
     <span class='ocr_line' id='line_1_32' title="bbox 225 2439 1791 2503; baseline -0.001 -15"><span class='ocrx_word' id='word_1_221' title='bbox 225 2445 272 2488; x_wconf 89' lang='grc'><strong>3.</strong></span> <span class='ocrx_word' id='word_1_222' title='bbox 310 2439 564 2503; x_wconf 86' lang='lat' dir='ltr'><strong>Siquidem</strong></span> <span class='ocrx_word' id='word_1_223' title='bbox 582 2455 700 2503; x_wconf 88' lang='lat' dir='ltr'><strong>ergo</strong></span> <span class='ocrx_word' id='word_1_224' title='bbox 720 2439 912 2499; x_wconf 91' lang='lat' dir='ltr'><strong>educet,</strong></span> <span class='ocrx_word' id='word_1_225' title='bbox 928 2441 1160 2503; x_wconf 90' lang='lat' dir='ltr'><strong>quoniam</strong></span> <span class='ocrx_word' id='word_1_226' title='bbox 1183 2447 1340 2489; x_wconf 87' lang='lat' dir='ltr'><strong>status</strong></span> <span class='ocrx_word' id='word_1_227' title='bbox 1363 2446 1554 2489; x_wconf 89' lang='lat' dir='ltr'><strong>naturae</strong></span> <span class='ocrx_word' id='word_1_228' title='bbox 1573 2456 1745 2486; x_wconf 62' lang='lat' dir='ltr'><strong>nomnium</strong></span> <span class='ocrx_word' id='word_1_229' title='bbox 1759 2458 1791 2486; x_wconf 72' lang='lat' dir='ltr'><strong>in</strong></span> 
     </span>
     <span class='ocr_line' id='line_1_33' title="bbox 157 2501 1838 2580; baseline 0.001 -16"><span class='ocrx_word' id='word_1_230' title='bbox 157 2522 314 2564; x_wconf 86' lang='lat' dir='ltr'><strong>status</strong></span> <span class='ocrx_word' id='word_1_231' title='bbox 358 2516 474 2564; x_wconf 90' lang='lat' dir='ltr'><strong>belli</strong></span> <span class='ocrx_word' id='word_1_232' title='bbox 510 2523 599 2573; x_wconf 90' lang='lat' dir='ltr'><strong>est,</strong></span> <span class='ocrx_word' id='word_1_233' title='bbox 638 2531 696 2562; x_wconf 92' lang='lat' dir='ltr'><strong>ea</strong></span> <span class='ocrx_word' id='word_1_234' title='bbox 735 2515 843 2579; x_wconf 90' lang='lat' dir='ltr'><strong>lege</strong></span> <span class='ocrx_word' id='word_1_235' title='bbox 884 2516 1093 2565; x_wconf 87' lang='lat' dir='ltr'><strong>educare</strong></span> <span class='ocrx_word' id='word_1_236' title='bbox 1138 2516 1445 2580; x_wconf 85' lang='lat' dir='ltr'><strong>intelligitur,</strong></span> <span class='ocrx_word' id='word_1_237' title='bbox 1490 2533 1553 2565; x_wconf 91' lang='lat' dir='ltr'><strong>ne</strong></span> <span class='ocrx_word' id='word_1_238' title='bbox 1570 2501 1838 2574; x_wconf 48' lang='lat' dir='ltr'><strong>ffissffissffi2st„</strong></span> 
     </span>
     <span class='ocr_line' id='line_1_34' title="bbox 157 2591 1553 2657; baseline 0.001 -17"><span class='ocrx_word' id='word_1_239' title='bbox 157 2591 353 2640; x_wconf 88' lang='lat' dir='ltr'><strong>adultus</strong></span> <span class='ocrx_word' id='word_1_240' title='bbox 387 2592 544 2640; x_wconf 90' lang='lat' dir='ltr'><strong>hostis</strong></span> <span class='ocrx_word' id='word_1_241' title='bbox 567 2592 670 2649; x_wconf 89' lang='lat' dir='ltr'><strong>fiat,</strong></span> <span class='ocrx_word' id='word_1_242' title='bbox 693 2591 788 2639; x_wconf 92' lang='lat' dir='ltr'><strong>hoc</strong></span> <span class='ocrx_word' id='word_1_243' title='bbox 814 2599 903 2651; x_wconf 89' lang='lat' dir='ltr'><strong>est,</strong></span> <span class='ocrx_word' id='word_1_244' title='bbox 929 2608 987 2640; x_wconf 87' lang='lat' dir='ltr'><strong>ea</strong></span> <span class='ocrx_word' id='word_1_245' title='bbox 1014 2593 1122 2657; x_wconf 90' lang='lat' dir='ltr'><strong>lege</strong></span> <span class='ocrx_word' id='word_1_246' title='bbox 1147 2600 1202 2641; x_wconf 90' lang='lat' dir='ltr'><strong>ut</strong></span> <span class='ocrx_word' id='word_1_247' title='bbox 1224 2593 1318 2657; x_wconf 90' lang='lat' dir='ltr'><strong>ipsi</strong></span> <span class='ocrx_word' id='word_1_248' title='bbox 1341 2592 1553 2642; x_wconf 87' lang='lat' dir='ltr'><strong>obediat.</strong></span> 
     </span>
    </p>

    <p class='ocr_par' dir='ltr' id='par_1_10' title="bbox 159 2667 1557 2718">
     <span class='ocr_line' id='line_1_35' title="bbox 159 2667 1557 2718; baseline 0.001 -2"><span class='ocrx_word' id='word_1_249' title='bbox 159 2667 288 2716; x_wconf 89' lang='lat' dir='ltr'><strong>Cum</strong></span> <span class='ocrx_word' id='word_1_250' title='bbox 322 2669 454 2717; x_wconf 89' lang='lat' dir='ltr'><strong>enim</strong></span> <span class='ocrx_word' id='word_1_251' title='bbox 491 2668 782 2716; x_wconf 83' lang='lat' dir='ltr'><strong>necessitate</strong></span> <span class='ocrx_word' id='word_1_252' title='bbox 818 2669 1031 2716; x_wconf 86' lang='lat' dir='ltr'><strong>naturali</strong></span> <span class='ocrx_word' id='word_1_253' title='bbox 1062 2668 1266 2716; x_wconf 71' lang='lat' dir='ltr'><strong>velimus</strong></span> <span class='ocrx_word' id='word_1_254' title='bbox 1302 2685 1469 2718; x_wconf 90' lang='lat' dir='ltr'><strong>omnes</strong></span> <span class='ocrx_word' id='word_1_255' title='bbox 1503 2670 1557 2718; x_wconf 93' lang='lat' dir='ltr'><strong>id</strong></span> 
     </span>
    </p>

    <p class='ocr_par' dir='ltr' id='par_1_11' title="bbox 159 2743 1556 2810">
     <span class='ocr_line' id='line_1_36' title="bbox 159 2743 1556 2810; baseline 0.001 -17"><span class='ocrx_word' id='word_1_256' title='bbox 159 2744 291 2808; x_wconf 91' lang='lat' dir='ltr'><strong>quod</strong></span> <span class='ocrx_word' id='word_1_257' title='bbox 329 2743 701 2809; x_wconf 74' lang='lat' dir='ltr'><strong>nobismetipsis</strong></span> <span class='ocrx_word' id='word_1_258' title='bbox 739 2752 943 2808; x_wconf 90' lang='lat' dir='ltr'><strong>apparet</strong></span> <span class='ocrx_word' id='word_1_259' title='bbox 975 2744 1145 2793; x_wconf 83' lang='lat' dir='ltr'><strong>bonnm</strong></span> <span class='ocrx_word' id='word_1_260' title='bbox 1164 2763 1183 2800; x_wconf 90' lang='lat'><em>;</em></span> <span class='ocrx_word' id='word_1_261' title='bbox 1218 2745 1426 2810; x_wconf 89' lang='lat' dir='ltr'><strong>intelligi</strong></span> <span class='ocrx_word' id='word_1_262' title='bbox 1453 2762 1556 2795; x_wconf 92' lang='lat' dir='ltr'><strong>non</strong></span> 
     </span>
    </p>

    <p class='ocr_par' dir='ltr' id='par_1_12' title="bbox 155 2821 1556 2886">
     <span class='ocr_line' id='line_1_37' title="bbox 155 2821 1556 2886; baseline 0.002 -18"><span class='ocrx_word' id='word_1_263' title='bbox 155 2826 333 2884; x_wconf 86' lang='lat' dir='ltr'><strong>potest,</strong></span> <span class='ocrx_word' id='word_1_264' title='bbox 370 2837 664 2884; x_wconf 89' lang='lat' dir='ltr'><strong>quemquam</strong></span> <span class='ocrx_word' id='word_1_265' title='bbox 704 2821 774 2869; x_wconf 86' lang='lat' dir='ltr'><strong>ita</strong></span> <span class='ocrx_word' id='word_1_266' title='bbox 810 2821 963 2869; x_wconf 91' lang='lat' dir='ltr'><strong>vitam</strong></span> <span class='ocrx_word' id='word_1_267' title='bbox 1005 2821 1196 2870; x_wconf 87' lang='lat' dir='ltr'><strong>dedisse</strong></span> <span class='ocrx_word' id='word_1_268' title='bbox 1231 2822 1474 2886; x_wconf 88' lang='lat' dir='ltr'><strong>cuiquam,</strong></span> <span class='ocrx_word' id='word_1_269' title='bbox 1498 2832 1556 2872; x_wconf 92' lang='lat' dir='ltr'><strong>ut</strong></span> 
     </span>
    </p>
   </div>
   <div class='ocr_carea' id='block_1_10' title="bbox 158 2896 1555 2962">
    <p class='ocr_par' dir='ltr' id='par_1_13' title="bbox 158 2896 1555 2962">
     <span class='ocr_line' id='line_1_38' title="bbox 158 2896 1555 2962; baseline 0.002 -17"><span class='ocrx_word' id='word_1_270' title='bbox 158 2897 312 2959; x_wconf 86' lang='lat' dir='ltr'><strong>possit</strong></span> <span class='ocrx_word' id='word_1_271' title='bbox 334 2896 478 2946; x_wconf 91' lang='lat' dir='ltr'><strong>simul</strong></span> <span class='ocrx_word' id='word_1_272' title='bbox 501 2904 551 2946; x_wconf 92' lang='lat' dir='ltr'><strong>et</strong></span> <span class='ocrx_word' id='word_1_273' title='bbox 573 2897 700 2946; x_wconf 89' lang='lat' dir='ltr'><strong>vires</strong></span> <span class='ocrx_word' id='word_1_274' title='bbox 726 2906 872 2947; x_wconf 87' lang='lat' dir='ltr'><strong>aetate</strong></span> <span class='ocrx_word' id='word_1_275' title='bbox 896 2897 1164 2961; x_wconf 88' lang='lat' dir='ltr'><strong>acquirere,</strong></span> <span class='ocrx_word' id='word_1_276' title='bbox 1190 2906 1240 2947; x_wconf 87' lang='lat' dir='ltr'><strong>et</strong></span> <span class='ocrx_word' id='word_1_277' title='bbox 1265 2899 1376 2962; x_wconf 89' lang='lat' dir='ltr'><strong>jure</strong></span> <span class='ocrx_word' id='word_1_278' title='bbox 1401 2899 1555 2948; x_wconf 88' lang='lat' dir='ltr'><strong>hostis</strong></span> 
     </span>
    </p>
   </div>
  </div>
 </body>
</html>
