2020 3262
417 270 488 304 DE
515 269 755 304 memus
782 267 1021 302 NATURAE
1050 266 1335 305 RELIQUIS.
1482 254 1564 298 181

724 471 940 521 CAPUT
959 471 1049 519 ΙΙΙ.

477 589 539 621 DE
565 588 759 621 LEGIBUS
784 587 992 620 NATURAE
1016 586 1250 624 RELIQUIS.

179 674 216 712 1.
242 672 324 711 Lex
344 677 490 711 naturae
507 672 686 718 secunda,
706 673 828 722 pactis
845 671 1036 710 standum.
1089 673 1126 709 2.
1157 671 1270 710 Fides
1289 685 1376 711 cum
1399 675 1576 712 omnibus

229 734 416 773 servanda
432 735 513 772 sine
532 735 769 784 exceptione.
822 737 860 772 3.
887 733 1044 783 injuria,
1072 733 1176 783 quid.
1222 737 1262 773 4.
1290 735 1435 786 Injuria
1454 736 1488 773 ei
1507 736 1577 773 soli

229 795 314 834 fleri
346 793 485 846 potest,
518 796 676 846 quicum
713 795 987 834 contrahimus.
1038 799 1078 834 5.
1106 794 1274 835 Justitiae
1312 798 1505 836 distinctio
1538 799 1577 835 in

223 857 413 908 justitiam
427 857 626 894 hominum
641 862 680 895 et
693 858 903 895 actionum.
957 861 997 897 6.
1025 856 1401 909 Distinctiojustitiae
1417 860 1455 897 in
1475 871 1580 897 com-

230 918 455 956 mutativam
474 923 513 956 et
531 918 812 956 distributivam
844 919 1072 957 examinata.
1126 920 1162 960 7.
1192 920 1345 958 Volenti
1365 933 1442 959 non
1461 920 1506 958 fit
1524 921 1581 958 in-

223 979 340 1032 juria.
392 983 430 1020 8.
458 979 542 1018 Lex
556 986 703 1019 naturae
722 982 844 1026 tertia,
865 981 912 1018 de
932 981 1217 1032 ingratitudine.
1270 985 1308 1022 9.
1328 981 1413 1020 Lex
1431 987 1580 1020 naturae

230 1046 380 1092 quarta,
406 1047 451 1079 ut
476 1042 638 1092 quisque
666 1054 707 1080 se
734 1048 888 1092 praestet
919 1043 1174 1081 commodum.
1233 1046 1294 1082 10.
1321 1043 1406 1081 Lex
1432 1048 1580 1081 naturae

231 1103 378 1157 quinta,
409 1102 458 1141 de
488 1103 759 1141 misericordia.
813 1106 876 1142 11.
905 1103 989 1141 Lex
1016 1110 1163 1143 naturae
1191 1110 1308 1150 sexta,
1335 1105 1440 1155 quod
1457 1117 1581 1155 poenae

231 1164 407 1203 futurum
437 1169 587 1202 tantum
620 1170 806 1214 spectant.
863 1166 923 1203 12.
951 1163 1035 1202 Lex
1066 1171 1212 1204 naturae
1241 1166 1414 1216 septima,
1448 1172 1583 1205 contra

219 1225 515 1264 contumeliam.
590 1228 652 1265 13.
679 1225 763 1264 Lex
801 1230 948 1264 naturae
988 1232 1137 1273 octava,
1173 1233 1308 1266 contra
1349 1229 1582 1278 superbiam.

235 1290 296 1327 14.
310 1286 394 1325 Lex
407 1292 554 1325 naturae
568 1299 680 1332 nona,
696 1287 744 1325 de
758 1288 955 1326 modestia.
1012 1291 1073 1328 15.
1087 1288 1171 1327 Lex
1189 1294 1336 1327 naturae
1355 1289 1515 1336 decima,
1535 1290 1584 1328 de

232 1349 425 1399 aequitate,
453 1349 534 1386 sive
565 1354 700 1386 contra
730 1350 991 1399 acceptionem
1010 1362 1270 1400 personarum.
1327 1353 1388 1390 16.
1414 1350 1498 1389 Lex
1517 1365 1583 1390 na-

233 1414 331 1448 turae
350 1409 566 1453 undecima,
598 1410 646 1448 de
676 1410 862 1448 habendis
894 1411 933 1447 in
966 1412 1173 1449 communi.
1230 1413 1292 1453 17.
1318 1411 1404 1450 Lex
1436 1418 1584 1451 naturae

233 1471 475 1515 duodecima,
493 1471 541 1509 de
554 1477 656 1509 sorte
671 1472 898 1523 dividendis.
942 1475 1002 1511 18.
1030 1472 1114 1510 Lex
1129 1478 1275 1511 naturoe
1289 1473 1440 1511 decima
1459 1475 1583 1521 tertia,

233 1532 284 1571 de
301 1533 603 1583 primogenitura
622 1538 662 1570 et
688 1533 813 1583 prima
831 1535 1096 1583 occupatione.
1153 1537 1213 1574 19.
1242 1533 1327 1572 Lex
1354 1540 1501 1573 naturae
1520 1535 1586 1574 de-

235 1594 336 1633 cima
353 1599 501 1645 quarta,
520 1594 568 1632 de
595 1594 858 1632 incolumitate
885 1595 1138 1633 mediatorum
1167 1596 1283 1646 pacis.
1327 1598 1392 1635 20.
1418 1595 1501 1634 Lex
1520 1610 1587 1635 na-

235 1661 334 1695 turae
353 1656 502 1694 decima
519 1657 665 1707 quinta,
684 1656 733 1694 de
751 1657 1019 1694 constituendo
1037 1658 1194 1695 arbitro.
1248 1659 1311 1696 21.
1338 1657 1422 1696 Lex
1442 1663 1588 1696 naturae

237 1718 388 1757 decima
418 1724 537 1763 sexta,
565 1719 757 1756 neminem
786 1731 867 1756 esse
899 1719 1086 1756 arbitrum
1114 1731 1239 1756 causae
1267 1731 1359 1757 suae.
1414 1722 1477 1758 22.
1503 1719 1588 1758 Lex

237 1785 385 1819 naturae
409 1780 559 1818 decima
584 1781 757 1830 septima,
776 1781 940 1818 arbitros
958 1781 1098 1818 debere
1125 1794 1207 1818 esse
1237 1782 1319 1819 sine
1346 1794 1414 1831 spe
1440 1781 1589 1831 praemii

238 1842 288 1880 ab
320 1842 366 1880 iis
395 1841 596 1887 referendi,
634 1854 799 1891 quorum
831 1854 948 1879 causa
970 1842 1178 1893 judicatur.
1233 1844 1298 1881 23.
1325 1841 1411 1880 Lex
1441 1849 1588 1880 naturae

239 1903 390 1942 decima
402 1909 549 1947 octava,
565 1903 612 1940 de
626 1904 798 1941 testibus.
851 1906 916 1942 24.
943 1903 1027 1941 Lex
1046 1909 1192 1941 naturae
1212 1903 1361 1942 decima
1379 1917 1490 1950 nona,
1505 1904 1590 1942 nul-

238 1965 320 2003 lum
333 1977 422 2003 cum
441 1965 586 2003 arbitro
603 1970 759 2014 pactum
776 1965 872 2002 fieri.
924 1967 989 2004 25.
1018 1964 1103 2003 Lex
1120 1971 1267 2003 naturae
1285 1966 1479 2016 vigesima,
1498 1978 1589 2003 con-

241 2033 302 2065 tra
320 2026 528 2077 crapulam,
543 2031 582 2064 et
594 2038 639 2063 ea
657 2038 744 2076 quae
762 2027 920 2064 rationis
939 2039 1048 2064 usum
1064 2026 1289 2076 impediunt.
1343 2029 1409 2067 26.
1438 2027 1591 2078 Regula

240 2101 310 2139 per
328 2100 446 2139 quam
473 2087 602 2125 statim
631 2087 812 2138 cognosci
845 2093 983 2138 potest,
1012 2100 1062 2126 an
1091 2088 1195 2138 quod
1225 2088 1363 2127 facturi
1380 2102 1524 2133 sumus,
1542 2089 1593 2126 sit

202 2173 207 2178 ·
241 2154 377 2188 contra
403 2149 529 2200 legem
558 2155 715 2194 naturae,
746 2161 879 2187 necne.
933 2150 998 2191 27.
1025 2149 1150 2200 Leges
1176 2155 1322 2188 naturae
1351 2151 1524 2201 obligant
1551 2151 1591 2188 in

242 2211 328 2250 foro
347 2211 498 2249 interno
529 2216 691 2249 tantum.
744 2213 807 2249 28.
835 2210 1039 2249 Violantur
1055 2211 1158 2262 leges
1186 2217 1332 2250 naturae
1360 2213 1593 2264 quandoque

242 2273 347 2312 facto
377 2273 529 2323 legibus
557 2277 826 2311 consentaneo.
881 2274 942 2313 29.
972 2272 1096 2324 Leges
1125 2278 1271 2312 naturae
1298 2280 1388 2312 sunt
1415 2275 1593 2313 immuta-

243 2335 351 2374 biles.
405 2337 468 2373 30.
500 2334 578 2376 Qui
596 2333 700 2384 leges
719 2338 865 2371 naturae
884 2339 1045 2371 conatur
1073 2334 1245 2385 implere,
1259 2334 1387 2386 justus
1405 2341 1474 2374 est.
1529 2338 1593 2374 31.

243 2396 328 2435 Lex
355 2394 539 2434 naturalis
566 2395 700 2432 eadem
732 2407 821 2432 cum
851 2395 996 2433 morali.
1051 2398 1113 2434 32.
1142 2396 1257 2435 Unde
1284 2396 1363 2442 fiat,
1383 2397 1488 2447 quod
1506 2410 1594 2448 quae

244 2459 349 2497 dicta
365 2462 455 2496 sunt
481 2456 529 2495 de
558 2457 644 2508 lege
675 2457 849 2503 naturali,
869 2469 943 2495 non
973 2458 1048 2495 sint
1075 2458 1208 2495 eadem
1236 2471 1323 2509 quae
1350 2459 1555 2496 traduntur
1571 2471 1612 2497 a·

244 2519 480 2571 philosophis
511 2520 614 2558 circa
633 2519 802 2556 virtutes.
857 2521 919 2557 33.
947 2518 1030 2556 Lex
1057 2519 1239 2557 naturalis
1257 2532 1335 2557 non
1354 2525 1421 2566 est,
1440 2520 1595 2570 proprie

243 2580 449 2633 loquendo,
459 2580 532 2626 lex,
552 2580 624 2617 nisi
642 2584 831 2630 quatenus
849 2579 1012 2617 traditur
1028 2581 1069 2617 in
1089 2579 1287 2630 Scriptura
1304 2594 1423 2620 sacra.

201 2675 242 2718 l.
278 2669 482 2716 LEGUM
510 2667 810 2715 naturalium
829 2666 1160 2715 derivatamm
1178 2668 1335 2716 altera
1358 2677 1447 2729 est,
1463 2686 1596 2735 pac·
1636 2694 1766 2727 Smyr,
1786 2694 1856 2727 111,

196 2745 265 2793 tis
301 2743 533 2793 standum
575 2759 700 2802 esse,
748 2744 848 2791 sive
885 2743 1035 2791 fidem
1077 2745 1435 2794 observandam
1473 2762 1594 2796 esse.
1732 2746 1762 2777 ³·
1837 2792 1843 2801 ‚

197 2819 464 2869 Ostensum
479 2819 606 2867 enim
628 2827 703 2868 est
719 2819 878 2883 capite
892 2820 1218 2884 praecedente,
1227 2822 1387 2886 legem
1405 2830 1596 2873 naturae
1614 2830 1678 2860 Lex
1690 2835 1805 2862 nuturoe

1613 2876 1753 2910 secunda,
1762 2886 1828 2914 pac-

196 2896 463 2961 praecipere
486 2903 720 2960 tanquam
744 2912 848 2945 rem
885 2897 1205 2947 conciliandae
1239 2899 1350 2962 paci
1373 2915 1596 2950 necessa·
1613 2918 1811 2949 tis-standum.
