1994 3276
387 249 460 283 DE
488 247 857 283 NECESSARIIS
883 246 957 280 AD
986 247 1262 281 SALUTEM.
1415 238 1510 280 431

117 377 208 411 nes
229 361 384 426 igitur
407 361 672 410 Christiani
699 361 771 409 illi
803 359 1004 408 obedire
1030 360 1226 418 debent,
1251 359 1378 407 sicut
1402 359 1519 406 obe·
1562 381 1690 413 secr.
1714 381 1782 412 111,

120 437 283 486 dirent
302 438 498 486 Christo
524 437 564 486 si
587 437 779 486 veniret
801 437 852 485 in
878 444 1051 484 terras.
1112 435 1383 499 Imperabit
1402 451 1520 499 ergo
1644 433 1693 463 ¹⁸·
1763 478 1768 486 ,

118 514 204 562 illa
234 513 313 562 vel
345 530 435 577 per
465 514 799 571 monarcham,
832 512 910 559 vel
950 527 1039 575 per
1075 519 1258 559 coetum
1292 512 1519 574 aliquem.
1541 526 1708 559 nominas,

121 589 342 639 Quaestio
361 590 528 653 itaque
548 597 622 638 est
641 590 834 652 dejure
854 588 1070 651 imperii.
1126 587 1314 635 Eodem
1334 594 1523 650 spectat
1540 569 1791 641 ffssss‘sssst‘ssfflssffffg

121 666 325 729 quaestio
355 665 419 713 de
455 665 846 730 iffallibilitate.
919 663 1154 727 Quisquis
1180 663 1311 710 enim
1334 679 1448 711 vere
1473 671 1523 710 et
1540 656 1781 736 {fflffiffgssggffi‘

120 742 314 790 interne
339 741 623 790 crederetur
641 742 702 789 ab
722 741 950 789 universo
976 755 1156 803 genere
1180 739 1397 786 humano
1421 756 1523 787 non
1542 743 1641 781 adjus
1655 742 1805 780 regnandi·

119 833 263 881 posse
293 833 474 876 errare,
500 826 664 865 certus
696 816 904 880 imperii,
930 823 1034 864 tam
1067 815 1350 879 temporalis
1377 832 1524 878 quam

121 892 402 956 spiritualis.
419 901 563 950 esset,
579 893 674 941 nisi
692 893 796 957 ipse
814 892 982 950 nollet,
998 892 1050 939 in
1068 892 1354 939 universum
1368 907 1523 954 genus

47 967 53 970 ’
119 969 406 1018 humanum.
478 970 531 1018 Si
555 969 687 1017 dicat
712 969 844 1017 enim
874 968 1204 1017 obediendum
1229 967 1321 1015 sibi
1345 984 1450 1015 esse
1475 967 1526 1015 in

122 1044 503 1110 temporalibus,
541 1061 598 1093 eo
643 1044 776 1108 quod
821 1051 1026 1108 putatur
1062 1060 1162 1092 non
1202 1060 1383 1103 errare,
1426 1044 1526 1092 tale

122 1121 315 1186 imperii
334 1122 414 1185 jus
437 1121 483 1168 ei
507 1121 812 1169 conceditur.
882 1121 1070 1168 Eodem
1105 1128 1298 1184 spectat
1328 1119 1526 1183 privile-

121 1197 259 1261 gium
299 1197 660 1260 interpretandi
708 1197 1001 1261 Scripturas.
1081 1197 1235 1260 Cujus
1278 1197 1409 1244 enim
1451 1204 1527 1244 est

122 1273 498 1329 controversias,
522 1289 632 1337 quae
668 1290 728 1322 ex
765 1274 957 1322 diversa
982 1274 1348 1337 Scripturarum
1373 1273 1526 1320 inter-

119 1349 397 1414 pretatione
422 1349 540 1397 oriri
573 1357 796 1414 possunt,
824 1350 1167 1408 determinare,
1195 1351 1299 1413 ejus
1325 1356 1398 1397 est
1423 1365 1528 1397 om-

120 1441 208 1474 nes
235 1425 523 1490 simpliciter
562 1426 919 1474 controversias
962 1425 1305 1473 determinare.
1378 1425 1528 1488 Cujus

122 1509 289 1550 autem
313 1509 388 1550 est
410 1502 522 1560 hoc,
543 1502 761 1565 ejusdem
788 1511 863 1550 est
886 1502 1147 1565 imperium
1166 1501 1218 1548 in
1237 1517 1422 1558 omnes,
1444 1500 1529 1564 qui

122 1587 401 1642 agnoscunt
440 1578 723 1642 Scripturas
768 1595 874 1626 esse
914 1578 1119 1627 verbum
1161 1578 1268 1626 Dei.
1339 1576 1529 1625 Eodem

123 1661 314 1718 spectat
337 1654 608 1718 disputatio
644 1654 705 1702 de
728 1661 992 1719 potestate
1017 1654 1307 1702 remittendi
1331 1660 1381 1701 et
1405 1653 1526 1700 reti-

123 1730 275 1778 nendi
281 1737 521 1795 peecata,
533 1731 634 1779 sive
650 1731 711 1779 de
726 1731 1035 1779 auctoritate
1054 1728 1528 1778 excommunicandi.

124 1806 474 1870 Unusquisque
510 1807 657 1862 enim,
697 1807 738 1854 si
771 1807 950 1855 mentis
985 1822 1185 1869 compos
1208 1807 1303 1865 sit,
1334 1805 1532 1853 obediet

121 1882 175 1931 in
207 1883 436 1931 omnibus
471 1883 758 1946 simpliciter
789 1883 849 1942 ei,
875 1884 1015 1946 cujus
1049 1882 1253 1930 arbitrio
1287 1881 1446 1929 credit
1480 1897 1531 1929 se

125 1957 416 2007 salvandum
447 1965 534 2006 aut
567 1958 902 2007 damnandum
935 1975 1057 2006 esse.
1129 1958 1316 2005 Eodem
1341 1964 1533 2021 spectat

122 2041 343 2099 potestas
361 2034 660 2083 instituendi
684 2035 957 2083 societates
973 2053 991 2090 ;
1027 2035 1088 2082 ab
1114 2051 1171 2082 eo
1196 2034 1328 2082 enim
1352 2034 1533 2097 depen-

126 2110 261 2170 dent,
292 2126 382 2174 per
410 2127 556 2174 quern
589 2111 847 2170 exsistunt,
870 2111 954 2174 qui
991 2119 1113 2174 quot
1144 2110 1429 2168 monachos,
1454 2117 1532 2158 tot

124 2186 277 2234 habet
323 2187 562 2247 subditos,
607 2204 905 2252 quamquam
950 2188 1003 2235 in
1051 2187 1251 2235 civitate
1295 2186 1529 2234 hostium.

125 2262 315 2312 Eodem
349 2270 541 2327 spectat
573 2264 779 2326 quaestio
813 2263 876 2311 de
891 2263 1072 2326 judice
1103 2262 1322 2327 legitimi
1354 2263 1533 2309 matri·
1573 2263 1576 2266 ’

126 2339 294 2387 monii.
366 2339 517 2403 Cujus
546 2340 678 2388 enim
711 2348 785 2388 est
811 2340 1053 2404 judicatio
1089 2356 1161 2398 ea,
1196 2339 1300 2402 ejus
1337 2355 1532 2402 quoque

129 2423 204 2464 est
227 2416 447 2479 cognitio
473 2433 732 2465 causarum
752 2417 812 2464 de
836 2417 1128 2465 haereditate
1152 2422 1202 2462 et
1226 2415 1533 2462 successione

127 2487 180 2540 in
205 2493 371 2541 omnia
393 2493 526 2541 bona
549 2501 600 2540 et
617 2493 746 2556 jura,
761 2509 862 2540 non
881 2492 1029 2540 modo
1048 2491 1351 2555 privatorum
1374 2490 1534 2538 homi-

127 2585 265 2628 num,
309 2568 396 2617 sed
437 2569 588 2616 etiam
635 2585 938 2617 summorum
978 2567 1273 2632 principum.
1343 2567 1534 2614 Eodem

131 2645 496 2710 quodammodo
536 2651 728 2708 spectat
758 2643 1024 2692 coelibatus
1056 2642 1532 2691 ecelesiasticorum.

134 2720 346 2769 Coelibes
386 2720 517 2768 enim
551 2720 714 2767 minus
755 2736 903 2783 quam
930 2718 1097 2767 caeteri
1135 2718 1386 2766 cohaerent
1422 2734 1535 2766 cum

129 2796 325 2861 'reliqua
362 2797 577 2845 civitate.
647 2796 711 2844 Et
749 2803 991 2860 praeterea
1031 2794 1398 2842 incommodum
1433 2809 1535 2842 non

137 2873 554 2923 contemnendum
592 2879 683 2932 est,
721 2871 1049 2920 necessarium
1091 2886 1197 2918 esse
1230 2869 1534 2933 principibus
