2020 3262
452 252 548 294 210
837 271 840 275 ·
991 264 1292 298 IMPERIUM.

196 393 322 424 snc'r.
344 393 411 426 111.
451 381 650 436 paratus
674 375 835 423 animo
860 376 922 423 sit
953 376 1015 423 ad
1038 392 1207 439 pacem
1230 376 1519 435 habendam,
1551 376 1636 423 ubi
1658 376 1828 424 haberi

209 490 216 499 ,
289 444 316 473 ⁵·
391 489 399 500 ,
451 456 627 511 potest.

174 536 389 585 Jaegesnaturae
519 531 565 572 2.
600 525 790 572 Tritum
819 533 891 573 est
933 525 1064 572 inter
1107 542 1248 572 arma
1273 525 1426 572 silere
1450 525 1589 589 leges
1608 543 1628 580 ;
1663 533 1714 573 et
1746 542 1828 573 ve-

173 582 416 650 iiiesssmm‘u‘ae
452 615 560 647 rum
588 608 676 656 est,
701 617 800 648 non
825 601 969 648 modo
999 601 1058 647 de
1090 601 1278 664 legibus
1303 600 1539 659 civilibus,
1576 599 1661 647 sed
1683 600 1829 648 etiam

453 674 513 721 de
535 675 642 738 1686
665 676 891 733 naturali,
917 676 957 722 si
993 692 1092 723 non
1117 676 1179 722 ad
1218 676 1449 735 animum,
1474 676 1559 723 sed
1594 676 1657 723 ad
1679 676 1830 724 actio-

452 766 537 797 nes
560 750 797 797 referatur
821 766 906 813 per
931 750 1046 812 Cap.
1075 765 1158 797 111.
1185 759 1275 798 art.
1301 754 1381 804 27.
1451 752 1514 798 Et
1531 751 1711 798 bellum
1733 751 1829 799 tale

453 824 765 887 intelligatur,
790 832 845 872 ut
863 826 927 872 sit
951 826 1167 873 omnium
1186 833 1359 873 contra
1373 843 1554 885 omnes,
1579 827 1732 889 qualis
1755 834 1830 875 est

453 906 617 947 status
641 907 830 948 naturoe
849 917 994 947 merce
1010 919 1029 955 ;
1066 918 1359 964 quamquam
1393 902 1445 949 in
1467 902 1594 950 bello
1618 901 1829 950 nationis

454 983 625 1022 contra
647 976 894 1023 nationem
928 975 1100 1023 modus
1126 976 1322 1038 quidam
1354 976 1589 1024 custodiri
1625 977 1827 1024 solebat.

455 1049 667 1112 Ideoque
712 1050 883 1112 priscis
937 1051 1236 1112 temporibus
1290 1051 1404 1098 vitae
1450 1051 1743 1109 institutum,
1779 1057 1830 1098 et

455 1125 591 1187 quasi
645 1125 914 1172 oeconomia
960 1125 1182 1187 quaedam
1229 1133 1348 1184 erat,
1396 1142 1541 1188 quam
1587 1127 1829 1174 vocabant

454 1201 872 1266 ληστρικὴνλναρίο
896 1200 1061 1247 vivere
1079 1219 1098 1254 ;
1134 1217 1242 1263 quae
1277 1216 1433 1263 neque
1471 1208 1640 1249 contra
1671 1202 1830 1264 legem

453 1279 641 1321 nat‘urae
666 1281 783 1333 erat,
807 1275 951 1323 rebus
976 1275 1043 1322 sic
1079 1276 1335 1330 stantibus,
1354 1292 1510 1338 neque
1545 1276 1647 1323 sine
1671 1276 1828 1339 gloria

454 1349 563 1408 illis,
601 1349 683 1412 qui
728 1365 834 1397 eam
873 1350 1065 1397 fortiter
1099 1367 1190 1397 nec
1228 1351 1487 1398 crudeliter
1522 1352 1826 1399 exercebant.

455 1424 564 1471 Mos
588 1432 693 1471 erat
715 1424 825 1483 illis,
852 1433 1030 1473 caetera
1058 1426 1374 1488 rapientibus,
1400 1434 1447 1474 et
1470 1427 1583 1474 vitae
1613 1443 1829 1490 parcere,

455 1506 504 1546 et
527 1515 556 1545 a
594 1500 751 1546 bubus
783 1501 1055 1547 aratoribus
1090 1502 1318 1564 omnique
1354 1502 1678 1550 instrumento
1701 1503 1829 1565 agri-

455 1574 658 1622 culturae
683 1575 938 1622 abstinere.
1010 1576 1158 1624 Quod
1179 1583 1344 1624 tamen
1375 1593 1476 1624 non
1498 1578 1568 1625 ita
1590 1585 1664 1625 est
1703 1577 1830 1625 acci-

452 1649 700 1712 piendum,
753 1658 987 1713 tanquam
1036 1651 1100 1698 ad
1152 1651 1203 1698 id
1256 1652 1674 1716 adstringerentur
1722 1653 1829 1717 1686

453 1732 656 1783 naturae,
682 1726 768 1772 sed
799 1726 929 1788 quod
961 1726 1128 1788 gloriae
1163 1743 1260 1774 suae
1309 1728 1630 1786 consulerent,
1672 1735 1721 1776 et
1767 1743 1830 1775 ne

194 1859 196 1861 v
451 1800 603 1848 nimia
626 1801 911 1848 crudelitate
933 1809 1090 1849 metus
1113 1811 1446 1866 arguerentur.

195 1886 383 1937 securitatem
522 1882 567 1923 3.
605 1877 726 1924 Cum
759 1893 874 1940 ergo
909 1877 972 1924 ad
1003 1894 1174 1940 pacem
1198 1879 1578 1927 conservandam
1610 1894 1829 1926 necessa-

192 1930 420 2009 1111ιῇῃῇᾎῖῗῖἓῖ
455 1951 581 1998 rium
622 1960 685 1999 sit
729 1952 849 2015 legis
890 1953 1123 2010 naturalis
1165 1955 1476 2010 exercitium3
1513 1962 1562 2002 et
1606 1954 1669 2002 ad
1707 1955 1828 2017 legis

191 2018 438 2088 {ff‘ssgff'effiiffim
455 2027 687 2074 naturalis
712 2028 994 2075 exercitium
1012 2030 1282 2077 necessaria
1305 2030 1367 2078 sit
1385 2030 1631 2078 securitas
1649 2048 1665 2084 ‚·
1712 2045 1828 2077 con-

191 2102 355 2131 m¹¹¹t⁰¹¹¹¹¹L
456 2101 767 2148 siderandum
802 2109 875 2149 est
910 2103 1029 2165 quid
1063 2104 1125 2151 sit
1165 2104 1294 2167 quod
1332 2105 1480 2152 talem
1519 2104 1827 2152 securitatem

453 2184 684 2239 praestare
703 2177 870 2240 possit.
928 2179 1008 2226 Ad
1031 2178 1156 2227 hanc
1175 2196 1275 2227 rem
1297 2180 1563 2243 excogitari
1582 2179 1713 2227 aliud
1726 2195 1826 2227 non

451 2259 628 2314 potest,
653 2259 978 2316 praeterquam
1001 2261 1057 2301 ut
1086 2255 1415 2318 unusquisque
1443 2254 1620 2302 auxilia
1650 2254 1827 2302 idonea

452 2327 543 2375 sibi
580 2337 845 2391 comparet,
878 2329 1051 2392 quibus
1086 2330 1270 2379 invasio
1305 2330 1502 2378 alterius
1535 2329 1585 2376 in
1619 2329 1824 2377 alterum

451 2401 572 2450 adeo
595 2403 866 2466 periculosa
899 2404 1148 2463 reddatur,
1173 2412 1228 2452 ut
1268 2405 1418 2452 satius
1453 2404 1542 2451 sibi
1566 2419 1669 2451 esse
1690 2410 1823 2451 uter-

451 2493 543 2540 que
567 2485 705 2541 putet
738 2495 909 2526 manus
945 2480 1172 2527 cohibere
1209 2496 1354 2542 quam
1385 2494 1651 2527 conserere.
1722 2479 1823 2526 Pri-

449 2569 583 2600 mum
619 2560 784 2601 autem
829 2554 1140 2602 manifestum
1186 2562 1275 2613 est,
1325 2553 1456 2617 quod
1495 2553 1701 2601 duorum
1747 2554 1823 2602 vel

447 2628 596 2675 trium
637 2629 889 2676 consensio
930 2630 1240 2677 securitatem
1276 2628 1421 2676 talem
1466 2627 1663 2675 minime
1698 2644 1823 2691 prae-

449 2710 578 2750 stare
600 2704 781 2766 possit3
816 2711 1076 2767 propterea
1094 2704 1223 2767 quod
1246 2703 1429 2751 additio
1445 2719 1503 2750 ex
1517 2703 1670 2750 altera
1682 2710 1822 2766 parte

447 2778 589 2826 unius
612 2779 689 2826 vel
711 2795 978 2842 paucorum
1000 2780 1252 2847 hominum
1278 2778 1454 2826 sufficit
1476 2777 1539 2825 ad
1562 2785 1747 2826 certam
1770 2787 1821 2827 et

446 2852 772 2902 indubitatam
795 2855 1065 2913 victoriam,
1092 2855 1269 2916 datque
1294 2853 1508 2901 animum
1539 2853 1819 2903 adversario
