2020 3262
451 221 545 263 346
1015 233 1262 267 RELIGIO.

189 360 319 394 εΕρΤ,
341 363 410 395 111,
447 340 629 403 alloqui
653 340 881 389 decenter
913 349 963 390 et
992 342 1254 401 humiliter,
1281 342 1453 389 cedere
1478 342 1538 390 de
1563 342 1640 390 via
1661 343 1739 390 vel
1769 343 1830 392 de

276 412 325 443 ¹5·
447 414 542 462 alio
588 413 876 478 quocunque
922 417 1192 464 commodo.
1263 416 1398 463 Nihil
1434 417 1485 464 in
1527 417 1602 464 his
1640 425 1830 466 mutare

448 489 618 538 civitas
651 497 827 554 potest.
899 491 996 539 Sed
1030 491 1232 539 infinitae
1255 491 1362 539 aliae
1397 499 1525 550 sunt,
1550 508 1674 554 quae,
1699 493 1831 555 quod

447 566 624 614 attinet
660 567 723 614 ad
760 567 998 615 honorem
1037 575 1120 615 aut
1163 567 1523 626 contumeliam,
1552 567 1831 631 adiaphorae

449 649 592 698 sunt;
628 658 698 690 eae
716 658 831 690 vero
849 643 901 690 in
919 643 1058 706 signa
1073 643 1272 690 honoris
1295 659 1326 690 a
1349 643 1544 691 civitate
1566 650 1617 691 et
1638 643 1832 694 institui

447 724 667 779 possunt,
692 725 742 765 et
769 718 1010 766 institutae
1044 734 1214 765 revera
1246 718 1526 766 honorificae
1558 724 1689 767 sunt.
1754 719 1831 767 Ex

448 808 545 855 quo
568 793 775 856 intelligi
799 800 959 856 potest
991 793 1179 841 civitati
1200 793 1527 842 obediendum
1551 809 1671 852 esse,
1695 793 1831 857 quic-

447 868 566 930 quid
592 869 792 931 jusserit
826 885 916 932 pro
950 868 1090 931 signo
1127 868 1402 916 honorandi
1441 869 1616 926 Deum,
1653 868 1707 916 id
1739 877 1830 928 est,

445 960 534 1006 pro
559 943 695 991 cultu
715 944 953 1006 usurpari,
977 943 1123 991 modo
1147 943 1198 991 id
1225 944 1277 991 in
1308 944 1502 1007 signum
1529 943 1728 991 honoris
1754 943 1830 992 in-

445 1019 582 1066 stitui
605 1019 788 1082 possit;
825 1019 939 1081 quia
969 1019 1171 1067 honoris
1204 1019 1396 1083 signum
1428 1026 1516 1078 est,
1541 1019 1673 1082 quod
1690 1020 1832 1082 jussu

445 1094 655 1142 civitatis
677 1110 767 1157 pro
791 1095 879 1142 tali
902 1103 1180 1158 usurpatur.

165 1170 319 1206 Ressnanoe
334 1170 396 1197 ¹³⁰⁰
518 1171 591 1223 17.
627 1169 883 1232 Regnante
916 1170 1021 1217 Deo
1044 1186 1132 1232 per
1156 1170 1308 1218 solam
1331 1177 1574 1228 naturam,
1600 1187 1710 1234 quae
1732 1171 1831 1219 sint

162 1222 214 1250 per
226 1216 361 1241 naturam

164 1256 374 1305 solaqndegum
444 1245 575 1307 leges
599 1245 719 1306 ejus,
737 1251 839 1292 tam
863 1260 1013 1293 sacrae
1031 1262 1176 1308 quam
1202 1245 1459 1303 seculares,
1481 1244 1689 1293 diximus
1708 1246 1829 1308 jam.

162 1302 428 1380 ἓῗὲῗζζᾏωεξζῗῖὲῑ-
446 1319 690 1368 Quoniam
725 1326 889 1366 autem
921 1335 1064 1367 nemo
1100 1328 1190 1378 est,
1217 1320 1334 1382 quin
1359 1319 1462 1367 falli
1485 1320 1827 1368 ratiocinando

162 1386 426 1412 ‘utemffles‘eum
442 1394 611 1456 possit,
647 1395 1000 1456 contingatque
1036 1395 1167 1442 circa
1201 1395 1456 1458 plerasque
1487 1396 1705 1443 actiones
1738 1396 1830 1444 ho-

163 1428 309 1455 hominem
323 1427 368 1454 vel

163 1472 362 1541 {gss'ffiffirffioae
379 1471 428 1498 Μ
443 1469 599 1516 mines
623 1469 834 1516 discordi
858 1469 1099 1517 sententia
1117 1486 1237 1529 esse,
1257 1470 1409 1532 quaeri
1425 1470 1632 1518 ulterius
1648 1477 1828 1534 potest,

163 1557 287 1605 qivitatis
299 1557 385 1594 impe·
445 1561 705 1608 quemnam
724 1550 874 1591 rectoe
890 1544 1122 1602 rationis,
1134 1545 1230 1592 hoc
1250 1551 1340 1601 est,
1354 1544 1518 1607 legum
1537 1561 1733 1594 suarum
1752 1546 1828 1594 in-

161 1609 237 1628 ”um
251 1609 406 1629 summum
443 1627 714 1685 terpretem
729 1620 862 1667 Deus
897 1635 1000 1666 esse
1022 1619 1191 1667 voluit.
1249 1620 1314 1666 Et
1330 1618 1389 1666 de
1414 1618 1612 1683 legibus
1631 1620 1832 1683 quidem

442 1695 770 1752 secularibus,
788 1694 839 1741 id
854 1702 944 1752 est,
965 1694 1024 1741 de
1039 1694 1099 1742 iis
1119 1710 1229 1757 quae
1243 1694 1491 1757 pertinent
1509 1694 1574 1741 ad
1587 1695 1827 1758 justitiam

443 1778 492 1819 et
506 1787 668 1819 mores
683 1770 937 1818 hominum
950 1786 1117 1818 versus
1139 1770 1379 1827 homines,
1405 1786 1465 1818 ex
1480 1778 1594 1818 ante
1613 1770 1755 1819 dictis
1770 1771 1830 1819 de

444 1846 655 1894 civitatis
687 1846 1052 1904 constitutione,
1090 1846 1272 1893 rationi
1307 1852 1692 1893 consentaneum
1726 1861 1831 1894 esse

444 1921 896 1978 demonstravimus,
902 1920 1088 1982 judicia
1101 1921 1264 1968 omnia
1279 1936 1382 1968 esse
1397 1936 1546 1984 penes
1561 1921 1830 1976 civitatem;

437 1997 623 2060 judicia
638 2003 802 2044 autem
818 1996 940 2043 nihil
957 1996 1090 2043 aliud
1108 2012 1225 2054 esse,
1246 2012 1392 2059 quam
1408 1997 1573 2059 legum
1590 1996 1832 2059 interpre-

441 2073 682 2120 tationes:
733 2079 782 2119 et
825 2087 913 2134 per
959 2087 1278 2134 consequens,
1326 2072 1489 2134 legum
1527 2071 1831 2136 interpretes
1881 2080 1888 2086 “

441 2149 622 2211 ubique
659 2163 762 2194 esse
803 2147 1041 2205 civitates,
1073 2148 1169 2194 hoc
1207 2154 1295 2206 est,
1329 2162 1412 2194 eos
1453 2146 1536 2209 qui
1575 2146 1829 2194 civitatum

440 2223 623 2271 habent
637 2223 894 2285 imperium
909 2239 1166 2270 summum.
1199 2222 1274 2270 De
1282 2221 1479 2287 legibus
1493 2221 1830 2269 autem-saeris

442 2298 848 2347 considerandum
872 2304 960 2356 est,
986 2298 1119 2360 quod
1141 2313 1289 2360 supra
1312 2296 1470 2359 capite
1495 2296 1682 2358 quinto,
1709 2295 1828 2343 arti-

443 2374 552 2422 culo
577 2374 765 2421 decimo
789 2373 952 2430 tertio,
974 2373 1426 2431 demonstravimus,
1452 2371 1667 2434 singulos
1699 2371 1828 2419 cives

441 2456 632 2496 tantum
651 2449 776 2512 juris
800 2447 852 2494 in
875 2464 987 2495 eum
1010 2448 1088 2495 vel
1116 2463 1213 2506 eos,
1239 2447 1323 2510 qui
1356 2446 1613 2509 imperium
1645 2445 1829 2492 habent

442 2524 667 2582 civitatis,
709 2531 946 2586 quantum
991 2523 1257 2570 transferre
1296 2527 1576 2584 potuerunt,
1614 2526 1828 2567 transtu-

441 2600 569 2648 lisse.
639 2600 909 2647 Potuerunt
943 2605 1108 2646 autem
1141 2596 1405 2645 transferre
1430 2597 1509 2658 jus
1533 2589 1828 2642 decernendi

443 2675 503 2722 de
526 2675 672 2723 modo
693 2691 788 2738 quo
806 2674 939 2722 Deus
957 2673 1272 2721 honorandus
1298 2671 1373 2719 sit.
1441 2670 1571 2732 Ergo
1595 2676 1646 2715 et
1669 2675 1828 2716 trans-

442 2751 671 2798 tulerunt.
744 2749 891 2798 Quod
928 2757 1092 2796 autem
1127 2747 1179 2795 id
1212 2746 1476 2810 potuerint,
1501 2760 1561 2791 ex
1593 2760 1650 2791 eo
1672 2745 1828 2792 mani-

442 2824 619 2872 festum
638 2832 729 2881 est,
749 2823 879 2886 quod
902 2823 1075 2875 modus
1098 2820 1371 2870 honorandi
1394 2820 1549 2867 Deum
1575 2827 1688 2866 ante
1712 2835 1827 2870 con-
