2020 3262
399 249 471 283 DE
500 250 690 284 REGNo
719 250 815 284 Dm
843 250 951 284 PER
978 251 1202 286 PAc'rUM
1230 254 1430 288 VETUS.
1518 245 1615 289 359

205 359 493 427 pabbatko:
529 371 603 411 est
637 363 768 411 enim
801 363 1030 412 instituta
1058 365 1253 428 septimi
1277 366 1377 414 diei
1399 369 1615 416 sanctifi·
1656 392 1786 425 SECT,
1813 392 1884 427 m,

211 439 342 487 catio
355 439 409 487 in
422 440 709 488 memoriam
727 440 988 488 creationis
1006 440 1327 500 hexaemerae,
1335 449 1393 490 ut
1411 451 1617 507 apparet
1744 444 1792 476 ¹⁶·

211 528 274 561 ex
290 513 366 562 his
380 516 541 563 verbis
564 516 737 577 (Exod.
757 516 888 564 xxxi.
911 521 985 575 16,
1008 518 1113 578 17):
1150 516 1360 565 Pactum
1381 526 1459 566 est
1482 520 1618 580 (sub-

210 589 410 638 auditur
428 591 745 654 sabbathum)
779 592 1135 656 sempiternum
1158 592 1292 640 inter
1311 610 1386 641 me
1410 595 1617 656 etfilios

209 664 398 725 Israel,
435 667 731 732 signumque
758 674 1061 733 perpetuum
1079 686 1097 716 .·
1149 684 1240 716 sex
1272 668 1400 716 euim
1441 670 1617 717 diebus

188 740 336 804 fecit
357 742 602 791 Dominus
625 743 799 791 coelum
827 750 879 791 et
912 750 1119 802 terram,
1145 749 1197 791 et
1221 743 1272 792 in
1296 744 1508 808 septimo
1534 746 1617 793 die

208 816 275 865 ab
299 834 452 883 opere
476 819 706 867 cessavit.
775 819 930 868 Tertii
952 820 1147 883 generis
1172 826 1288 868 sunt
1316 819 1450 884 leges
1477 819 1617 885 poli-'-

208 893 336 953 ticoe,
355 895 655 957 judiciales,
675 896 1145 961 ceremonialesque,
1179 913 1290 960 quae
1325 898 1618 960 spectabant

207 968 274 1017 ad
293 969 496 1019 Judaeos
524 971 668 1020 solos.
739 972 889 1020 Primi
927 980 978 1020 et
1009 971 1214 1020 secundi
1242 972 1438 1036 generis
1473 972 1616 1039 leges

207 1044 261 1092 in
294 1045 485 1094 tabulis
519 1046 742 1111 lapideis
776 1048 988 1111 scriptae,
1014 1063 1190 1111 nempe
1225 1048 1538 1114 DecaZoguS,
1564 1051 1616 1098 in

206 1122 314 1201 ipsa
330 1138 456 1170 arca
476 1124 924 1171 conservabantur:
963 1131 1156 1173 caeterae
1175 1125 1372 1189 scriptae
1390 1125 1442 1173 in
1460 1126 1617 1174 totius

205 1197 330 1262 legis
365 1198 606 1247 volumine
642 1200 1010 1263 reponebantur
1051 1202 1221 1263 (Deut.
1258 1202 1393 1250 xxxi.
1438 1203 1524 1266 26)
1564 1203 1615 1251 in

204 1290 339 1323 arcoe
374 1274 556 1324 latere.
625 1276 721 1324 Hae
767 1276 914 1336 enim,
956 1285 1154 1326 retenta
1193 1278 1291 1326 fide
1329 1279 1614 1339 Abrahami,

201 1357 434 1414 poterant
455 1351 638 1400 mutari
657 1373 669 1408 ;
706 1352 801 1400 illae
824 1369 926 1400 non
949 1361 1198 1416 poterant.

276 1433 352 1475 ll.
387 1427 559 1493 Leges
583 1428 676 1476 Dei
699 1445 869 1477 omnes
895 1437 1012 1477 sunt
1035 1429 1236 1477 verbum
1261 1429 1379 1488 Dei,
1404 1430 1491 1479 sed
1514 1446 1614 1480 non
1633 1440 1714 1474 Quid
1727 1443 1774 1476 sit»
1786 1446 1816 1470 et

202 1518 231 1550 e
266 1519 505 1552 converso
536 1521 682 1553 omne
714 1505 913 1553 verbum
949 1506 1052 1553 Dei
1083 1514 1159 1553 est
1184 1506 1282 1554 lem.
1352 1506 1473 1571 Ego
1508 1523 1615 1555 sum
1631 1486 1856 1558 333333‘1'21‘55‘3‘

201 1578 445 1628 Dominus
462 1580 605 1628 Deus
625 1587 740 1629 tuus
756 1581 845 1645 qui
863 1581 1038 1629 eduoeit
1058 1587 1109 1629 te
1124 1582 1187 1630 de
1206 1589 1351 1630 terra
1368 1582 1612 1648 AEgypti,
1630 1573 1753 1601 verbum
1774 1573 1838 1602 Dei·

201 1655 409 1703 verbum
426 1655 520 1703 Dei
536 1664 628 1715 est,
647 1656 727 1704 lex
743 1672 845 1704 non
866 1664 956 1705 est.
1028 1657 1203 1721 Neque
1225 1673 1370 1706 omne
1394 1657 1462 1717 id,
1483 1659 1616 1722 quod

202 1730 268 1778 ad
301 1731 502 1779 verbum
534 1731 638 1780 Dei
672 1731 1022 1780 declarandum
1054 1749 1155 1781 una
1190 1749 1303 1781 cum
1327 1733 1433 1797 ipso
1459 1750 1615 1783 enun-

203 1807 364 1855 ciatur
385 1815 474 1856 aut
496 1809 742 1868 scribitur,
761 1809 929 1857 statim
953 1807 1153 1857 verbum
1175 1809 1280 1857 Dei
1302 1817 1392 1858 est.
1463 1810 1610 1870 Nam,

202 1883 311 1931 Izoec
346 1883 472 1932 dicit
500 1884 762 1944 Dominus,
786 1901 889 1933 non
919 1892 994 1933 est
1017 1885 1218 1933 Domini
1240 1901 1352 1945 vox,
1377 1885 1464 1933 sed
1486 1902 1612 1949 prae-

203 1959 342 2008 conis
377 1960 479 2008 sive
512 1961 784 2024 prophetae.
854 1961 913 2009 Id
947 1977 1093 2009 omne
1128 1968 1179 2009 et
1214 1961 1373 2009 solum
1405 1962 1611 2010 verbum

202 2035 299 2084 Dei
335 2044 425 2096 est,
461 2037 595 2100 quod
628 2038 789 2086 Deum
823 2038 1085 2102 loquutum
1121 2053 1225 2085 esse
1264 2037 1613 2101 pronunciavit

200 2112 444 2176 propheta
461 2129 621 2161 verus.
684 2113 878 2177 Scripta
900 2121 1066 2161 autem
1082 2114 1453 2177 prophetarum,
1473 2130 1611 2162 com-

199 2187 559 2252 prehendentia
592 2196 695 2237 tam
731 2206 841 2254 quae
876 2190 1026 2249 Deus,
1061 2206 1210 2254 quam
1233 2206 1344 2253 quae
1367 2190 1472 2253 ipse
1494 2206 1611 2254 pro-

198 2264 352 2329 pheta
398 2264 535 2324 dicit,
581 2265 694 2314 ideo
735 2266 942 2314 verbum
989 2266 1082 2314 Dei
1128 2266 1455 2330 appellantur,
1495 2267 1612 2330 quia

199 2342 405 2391 verbum
445 2341 539 2389 Dei
583 2342 854 2391 continent.
926 2343 1175 2392 Quoniam
1209 2349 1376 2391 autem
1410 2342 1609 2391 verbum

198 2417 304 2466 Dei
324 2418 378 2466 id
400 2434 546 2466 omne
570 2427 622 2467 et
647 2419 806 2467 solum
830 2425 920 2478 est,
947 2419 1081 2483 quod
1103 2435 1193 2482 pro
1228 2419 1316 2467 tali
1348 2419 1610 2467 exhibetur

199 2510 231 2542 a
261 2510 381 2543 vero
412 2495 670 2559 propheta,
708 2496 823 2544 sciri
859 2496 979 2560 quid
1014 2496 1077 2544 sit
1111 2495 1311 2544 verbum
1346 2495 1451 2543 Dei
1490 2503 1609 2544 ante

199 2586 301 2619 non
341 2578 522 2635 potest,
566 2587 714 2635 quam
755 2580 1084 2636 cognoscatur
1120 2572 1230 2636 quis
1267 2572 1331 2619 sit
1365 2571 1610 2636 propheta

197 2661 372 2702 verus3
407 2663 500 2695 nec
537 2647 686 2695 verbo
720 2647 823 2695 Dei
861 2648 1012 2706 credi,
1042 2665 1191 2712 quam
1229 2647 1460 2696 credatur
1492 2664 1610 2712 pro-

197 2721 378 2786 phetae.
449 2723 581 2771 Mosi
627 2740 657 2771 a
700 2723 885 2788 populo
927 2724 1199 2772 Israelitico
1247 2724 1492 2772 creditum
1532 2732 1608 2772 est

199 2807 402 2863 propter
439 2798 563 2847 duas
602 2816 696 2859 res,
735 2799 985 2848 miracula
1019 2806 1070 2848 et
1088 2799 1268 2863 fidem.
1340 2800 1606 2864 Utcunque.

200 2874 331 2922 enim
372 2891 553 2939 magna
598 2883 648 2924 et
689 2875 1056 2925 evidentissima
1096 2876 1335 2927 miracula
1375 2884 1612 2940 operatus
