2020 3262
525 262 622 304 254
1060 273 1364 306 IMPERIUM.

264 403 395 436 sncr.
416 404 484 437 111.
524 383 686 432 cibum
718 383 971 447 jugulare3
1009 384 1266 432 durissima
1302 399 1417 431 sane
1454 383 1705 430 hominum
1737 382 1905 431 condi-

279 499 288 511 ,
367 455 397 485 ⁸·
459 499 468 511 .
522 459 669 518 tione,
705 475 826 522 quos
861 459 1029 507 bestiae
1067 460 1299 507 devorare
1337 459 1439 505 sine
1475 458 1653 520 injuria
1689 464 1903 520 possent,

521 534 592 582 illi
614 533 793 582 bestias
816 551 916 583 non
938 542 1149 598 possent.
1221 533 1470 597 Siquidem
1493 549 1609 596 ergo
1632 549 1662 580 a
1686 534 1796 595 jure
1817 549 1903 580 na-

520 610 668 659 turali
691 610 768 668 sit,
794 611 927 673 quod
959 611 1113 658 bestia
1148 610 1394 657 hominem
1418 608 1624 667 occidat,
1648 608 1709 655 ab
1733 608 1904 656 eodem

518 687 627 748 jure
652 685 761 745 erit,
787 685 918 748 quod
938 686 1086 734 homo
1105 685 1298 749 jugulet
1318 683 1540 731 bestiam.

1036 969 1249 1033 CAPUT
1283 986 1372 1033 ΙΧ.

638 1102 700 1134 DE
724 1102 841 1133 JURE
867 1102 1127 1133 PARENTUM
1151 1101 1201 1132 IN
1226 1100 1435 1142 LIBEROS,
1460 1099 1520 1131 ET
1543 1099 1606 1131 DE
1631 1098 1790 1130 REGNO

1029 1167 1391 1205 PATRIMONIALI.

525 1238 561 1274 1.
589 1235 813 1273 Dominium
825 1240 1025 1285 paternum
1042 1248 1119 1273 non
1131 1235 1251 1272 oritur
1267 1247 1291 1272 a
1308 1234 1562 1284 generatione.
1616 1235 1652 1271 2.
1679 1231 1904 1270 Dominium

574 1297 614 1333 in
631 1296 794 1334 infantes
814 1296 894 1346 ejus
913 1301 979 1341 est,
999 1298 1066 1346 qui
1093 1296 1234 1346 primus
1261 1308 1325 1333 eos
1343 1296 1382 1332 in
1400 1299 1585 1345 potestate
1603 1307 1672 1332 sua
1685 1295 1813 1332 habet.
1865 1297 1903 1332 3.

572 1356 799 1394 Dominium
811 1359 851 1395 in
865 1357 1028 1395 infantes
1038 1355 1270 1407 originaliter
1282 1357 1411 1394 matris
1426 1361 1494 1394 est.
1546 1359 1584 1394 4«.
1610 1354 1742 1393 Infans
1755 1355 1904 1404 exposi-

572 1422 634 1454 tus
653 1418 733 1468 ejus
761 1423 829 1464 est,
854 1431 876 1455 a
894 1431 971 1468 quo
990 1422 1247 1456 conservatur.
1299 1419 1337 1456 5.
1365 1417 1489 1455 Natus
1507 1429 1555 1454 ex
1573 1416 1656 1453 cive
1674 1420 1712 1452 et
1738 1415 1903 1454 habente

572 1491 764 1516 summum
781 1480 995 1528 imperium,
1013 1478 1233 1527 imperantis
1251 1482 1319 1515 est.
1371 1480 1410 1517 6.
1436 1477 1482 1514 In
1501 1476 1767 1527 conjunctione
1786 1477 1902 1515 maris

571 1544 610 1577 et
626 1539 802 1585 foeminae,
829 1540 883 1577 ita
900 1545 943 1577 ut
973 1544 1108 1577 neuter
1135 1538 1245 1575 alteri
1264 1538 1440 1587 imperet,
1458 1538 1537 1575 nati
1555 1537 1685 1575 matris
1703 1541 1802 1580 sunt,
1826 1537 1900 1575 nisi

570 1605 683 1650 pacto
706 1600 767 1638 vel
791 1600 877 1650 lege
906 1600 1007 1638 civili
1038 1599 1147 1637 aliter
1174 1602 1373 1636 statuatur.
1423 1599 1462 1639 7.
1488 1598 1619 1636 Liberi
1649 1597 1903 1648 subjiciuntur

570 1662 756 1711 patribus,
774 1674 851 1699 non
868 1661 993 1698 minus
1011 1672 1127 1710 quam
1154 1660 1253 1697 servi
1271 1659 1433 1696 dominis
1460 1663 1500 1696 et
1530 1659 1630 1696 cives
1656 1658 1812 1697 civitati.
1862 1662 1902 1698 8.

570 1722 634 1760 De
673 1724 817 1761 honore
853 1727 1054 1772 parentum
1089 1726 1127 1759 et
1163 1721 1415 1758 dominorum.
1467 1724 1505 1760 9.
1532 1720 1579 1757 In
1614 1732 1692 1770 quo
1723 1721 1903 1759 consistat

569 1784 735 1830 libertas,
755 1789 794 1822 et
825 1784 1036 1821 differentia
1066 1783 1206 1820 civium
1225 1787 1264 1820 et
1292 1794 1499 1820 servorum.
1553 1784 1614 1820 10.
1642 1779 1751 1818 Idem
1769 1787 1826 1819 est
1836 1781 1902 1832 jus

570 1846 610 1882 in
630 1846 731 1882 cives
749 1845 788 1881 in
806 1857 925 1894 regno
943 1843 1208 1893 patrimoniali,
1234 1843 1338 1893 quod
1365 1842 1588 1880 institutivo.
1643 1844 1706 1881 11.
1731 1842 1901 1884 Quaestio

570 1906 619 1943 de
630 1906 718 1955 jure
736 1905 983 1943 successionis
1001 1905 1040 1941 in
1055 1904 1136 1941 sola.
1152 1904 1373 1941 monarchia
1389 1904 1518 1940 locum
1544 1902 1671 1940 habet.
1727 1905 1787 1942 12.
1814 1903 1903 1941 Mo-

569 1967 711 2004 naroha
725 1972 851 2016 potest
864 1978 1054 2003 summum
1066 1965 1266 2014 imperium
1277 1965 1439 2002 civitatis
1451 1968 1676 2001 testamento
1690 1963 1903 2013 disponere:

573 2030 633 2066 13.
660 2027 733 2065 Vel
751 2029 892 2065 donare
906 2027 966 2064 vel
984 2027 1158 2064 vendere.
1214 2029 1274 2064 14.
1302 2025 1516 2063 Monarcha
1532 2025 1740 2070 intestatus,
1754 2037 1903 2075 semper

569 2089 794 2139 intelligitur
822 2089 917 2126 velle
948 2087 1030 2125 sore
1054 2087 1127 2124 sibi
1157 2087 1403 2124 monarcham
1438 2097 1718 2123 successorem:
1761 2088 1821 2125 15.
1847 2085 1902 2124 Et

567 2150 731 2200 aliquem
752 2163 799 2187 ex
817 2151 894 2187 suis
919 2150 1069 2186 liberis:
1119 2149 1178 2187 16.
1207 2148 1259 2185 Et
1276 2147 1486 2185 masculum
1503 2147 1630 2196 potius
1647 2158 1762 2196 quam
1779 2145 1901 2184 foemi-

566 2223 655 2248 nam
670 2226 679 2249 ε
723 2212 784 2252 17.
815 2211 866 2248 Et
879 2211 1044 2247 filiorum
1060 2214 1152 2247 natu
1167 2210 1385 2255 maximum,
1401 2221 1516 2259 quam
1530 2208 1728 2245 minorem.
1757 2209 1819 2245 18.
1848 2207 1900 2245 Et

566 2273 734 2318 fratrem,
753 2273 784 2309 si
811 2272 917 2322 prole
936 2277 1075 2316 careat,
1089 2284 1169 2320 prae
1188 2271 1364 2309 omnibus
1381 2269 1487 2307 aliis:
1533 2272 1592 2308 19.
1621 2268 1767 2306 Eodem
1784 2268 1899 2306 modo

567 2346 644 2384 quo
655 2333 872 2371 succeditur
883 2333 922 2369 in
936 2333 1149 2382 imperium,
1161 2332 1378 2369 succeditur
1392 2332 1506 2368 etiam
1519 2329 1628 2380 injus
1641 2329 1899 2367 successionis.

236 2418 500 2458 Dominiumraver-
521 2419 561 2460 1.
599 2412 836 2460 Socrates
856 2418 933 2459 est
967 2412 1120 2470 hom0,
1146 2427 1270 2475 ergo
1296 2417 1346 2458 et
1369 2408 1570 2468 animal,
1594 2416 1730 2456 recta
1751 2424 1894 2471 argu-

234 2466 499 2544 ἶυᾷἓηὲἶῖοᾞω
515 2488 753 2535 mentatio
791 2493 878 2546 est,
905 2486 1168 2549 eademque
1206 2484 1597 2539 evidentissima3
1637 2491 1898 2546 propterea

515 2563 647 2626 quod
668 2563 789 2610 nihil
814 2578 935 2625 opus
959 2569 1032 2610 est
1065 2561 1129 2608 ad
1153 2560 1510 2623 consequentiae
1533 2557 1790 2606 veritatem
1812 2574 1896 2621 ag-

514 2638 826 2697 noscendam,
867 2638 962 2685 nisi
1005 2644 1062 2684 ut
1107 2653 1202 2684 vox
1242 2637 1379 2683 homo
1415 2633 1744 2695 intelligatur3
1781 2634 1897 2696 quia

514 2713 705 2761 animal
740 2721 815 2760 est
838 2713 890 2760 in
923 2713 1029 2776 ipsa
1051 2712 1258 2760 hominis
1282 2710 1576 2768 definitione,
1608 2709 1895 2772 suppletque

513 2788 845 2851 unusquisque
901 2787 1283 2851 propositionem
1342 2801 1450 2848 quae
1513 2783 1893 2844 desiderabatur,

513 2879 687 2926 nempe
723 2863 865 2923 hanc,
891 2863 1028 2911 homo
1069 2869 1145 2910 est
1182 2860 1381 2910 animal.
1450 2860 1514 2908 Et
1529 2860 1649 2918 haec,
1676 2859 1892 2925 Sophro-
