2020 3262
495 252 582 303 174
1028 266 1314 299 LmER'rAs.

233 397 363 430 sacr,
384 397 452 431 111,
489 375 691 434 tollitur,
727 382 777 423 et
810 391 898 438 per
924 391 1224 440 consequens
1254 383 1367 424 sunt
1395 377 1698 440 obligatoria.
1768 379 1865 428 Ubi

326 450 357 480 ²·
488 451 617 499 enim
639 451 836 499 libertas
859 451 1050 511 desinit,
1069 452 1138 499 ibi
1160 452 1330 515 incipit
1353 452 1599 515 obligatio.

208 541 300 570 Pacta
320 545 432 571 mutuae
559 532 634 574 11.
670 527 818 574 Pacta
835 534 1013 586 autem,
1035 543 1143 590 quae
1162 528 1287 574 fiunt
1305 527 1355 573 in
1374 534 1630 575 contractu
1645 528 1729 576 ubi
1744 529 1865 578 fides

206 585 471 657 fifffflssssmssffsst
486 609 658 649 mutua
691 609 780 660 est,
815 608 990 649 neutro
1018 602 1277 665 quicquam
1308 602 1471 649 statim
1501 610 1779 665 praestante,
1813 605 1866 654 in

204 671 471 744 ζῗζὶῗξζζζζῗζζξ
486 683 620 724 statu
641 683 845 735 naturae,
871 677 912 724 si
932 678 1090 739 justus
1114 693 1174 724 ex
1209 677 1391 724 utravis
1414 684 1552 740 parte
1574 686 1733 727 metus
1771 681 1867 728 ori-

483 751 646 810 aturj*
667 759 781 799 sunt
798 751 1024 799 invalida.
1050 752 1178 799 Nam
1197 752 1280 814 qui
1297 752 1431 815 prior
1443 760 1659 815 praestat,
1667 762 1867 818 propter

485 843 690 890 pravum
712 826 961 889 ingenium
991 827 1214 875 maximae
1247 828 1399 890 partis
1434 829 1699 889 hominum,
1734 847 1866 879 com-

486 902 632 950 modo
658 918 745 950 suo
765 903 875 964 jure
899 910 948 950 et
965 903 1143 966 injuria
1160 905 1301 966 juxta
1318 903 1630 963 studentium,
1651 906 1867 969 cupidini

485 994 539 1026 se
571 977 735 1040 prodit
768 977 895 1025 illius
925 978 1119 1040 quicum
1151 978 1409 1026 contrahit.
1481 979 1702 1027 Rationis
1737 981 1866 1029 enim

486 1069 587 1100 non
615 1061 705 1110 est,
740 1059 795 1099 ut
823 1053 995 1115 aliquis
1017 1061 1219 1116 praestet
1240 1054 1388 1116 prior,
1425 1054 1465 1101 si
1489 1054 1744 1103 verisimile
1766 1072 1867 1104 non

487 1127 551 1174 sit
586 1128 793 1175 alterum
828 1144 933 1176 esse
966 1129 1296 1191 praestiturum
1330 1136 1454 1192 post.
1525 1130 1673 1179 Quod
1701 1139 1867 1180 utrum

486 1202 745 1249 verisimile
769 1203 832 1250 sit
853 1219 1022 1262 necne,
1046 1203 1087 1250 is
1112 1203 1195 1266 qui
1213 1203 1386 1251 metuit
1403 1204 1644 1267 judicabit
1664 1226 1676 1261 ;
1711 1213 1768 1254 ut
1790 1222 1867 1254 os-

486 1285 682 1324 tensum
714 1285 788 1325 est
829 1278 986 1341 capite
1020 1279 1342 1341 praecedente,
1380 1279 1586 1327 articulo
1611 1287 1656 1328 9.
1726 1282 1864 1341 Haec,

486 1352 703 1415 inquam,
728 1352 797 1399 ita
820 1369 870 1400 se
893 1353 1074 1400 habent
1097 1353 1146 1400 in
1172 1361 1301 1401 statu
1323 1355 1549 1402 naturali.
1620 1355 1867 1404 Caeterum

485 1427 538 1474 in
562 1433 695 1474 statu
717 1427 861 1483 civili,
884 1428 970 1475 ubi
994 1434 1066 1475 est
1090 1428 1171 1490 qui
1194 1435 1455 1491 utrumque
1485 1445 1660 1493 cogere
1689 1437 1866 1493 potest,

485 1501 542 1560 is,
575 1502 659 1564 qui
692 1517 781 1564 per
815 1510 1122 1549 contractum
1152 1503 1286 1565 prior
1319 1510 1391 1550 est
1425 1504 1485 1551 ad
1518 1506 1865 1567 praestandum,

485 1575 620 1639 prior
658 1583 892 1639 praestare
933 1576 1105 1629 debet;
1161 1577 1405 1638 quoniam,
1457 1595 1569 1626 cum
1600 1580 1722 1628 alter
1756 1583 1867 1645 cogi

485 1658 665 1714 potest,
709 1659 867 1699 cessat
884 1652 1009 1699 ratio
1027 1659 1228 1714 propter
1247 1668 1392 1715 quam
1413 1669 1476 1700 ne
1492 1669 1592 1701 non
1610 1662 1867 1717 praestaret

485 1728 750 1775 metuebat.

207 1822 322 1852 Pacisci
335 1831 403 1851 cum
559 1808 633 1850 12.
670 1803 744 1850 Ex
779 1819 836 1850 eo
871 1809 1051 1861 autem,
1088 1802 1220 1865 quod
1253 1803 1304 1849 in
1338 1803 1470 1851 omni
1502 1803 1782 1865 donatione,
1817 1814 1868 1856 et

204 1866 313 1946 ξξξὸζὶῗ
325 1866 470 1946 ζξζῗξθω
477 1877 656 1941 pactis
694 1877 932 1935 omnibus,
968 1877 1231 1940 requiritur
1261 1878 1531 1941 acceptatio
1559 1879 1700 1942 juris
1735 1881 1868 1944 quod

204 1953 434 2024 jggsslsszffieffine
487 1952 794 2010 transfertur,
804 1952 1024 2015 sequitur
1028 1952 1234 2016 pacisci
1247 1953 1490 2000 neminem
1507 1969 1648 2016 posse
1663 1971 1774 2002 cum
1791 1972 1866 2014 eo,

488 2028 573 2090 qui
617 2028 1001 2090 acceptationem
1040 2027 1172 2075 illam
1205 2044 1304 2076 non
1349 2029 1605 2091 significat.
1696 2030 1866 2094 Neque

487 2104 639 2167 igitur
661 2104 843 2167 pacisci
867 2119 979 2150 cum
1000 2103 1187 2162 belluis,
1211 2119 1370 2167 neque
1383 2105 1463 2166 jus
1486 2104 1639 2151 ullum
1661 2104 1756 2152 illis
1777 2106 1867 2153 tri2

486 2179 636 2226 buere
661 2186 746 2226 aut
768 2177 957 2225 auferre
987 2194 1242 2241 possumus
1275 2186 1474 2241 propter
1501 2179 1743 2227 defectum
1766 2196 1865 2228 ser-

485 2254 645 2301 monis
669 2260 719 2301 et
742 2253 1032 2300 intellectus.
1103 2254 1273 2316 Neque
1287 2259 1451 2317 pacta
1473 2253 1595 2300 inire
1611 2254 1866 2318 quisquam

487 2346 600 2377 cum
618 2329 783 2377 divina
796 2329 888 2391 maj
895 2336 1049 2376 estate
1067 2336 1241 2391 potest,
1256 2345 1413 2391 neque
1431 2329 1500 2376 illi
1516 2335 1625 2376 voto
1644 2330 1863 2393 obligari,

487 2405 582 2452 nisi
617 2411 854 2467 quatenus
888 2404 1045 2451 visum
1077 2403 1146 2450 illi
1181 2412 1268 2462 est,
1302 2420 1389 2467 per
1408 2404 1680 2467 Scripturas
1704 2421 1864 2454 sacras

488 2480 782 2528 substituere
805 2479 897 2527 sibi
919 2479 1106 2541 aliquos
1129 2479 1365 2538 homines,
1404 2479 1487 2542 qui
1517 2480 1864 2528 authoritatem

539 2653 560 2674 ’k
593 2647 761 2692 oriatur,
778 2646 866 2696 ξος]
901 2645 1001 2683 Nam
1024 2646 1095 2683 nisi
1121 2658 1235 2683 causa
1253 2649 1374 2682 metus
1392 2657 1491 2683 nova
1508 2645 1653 2690 existat,
1672 2657 1720 2682 ex
1749 2644 1862 2691 facto,

488 2707 548 2744 vel
568 2707 642 2744 alio
660 2707 768 2756 signo
787 2707 991 2744 voluntatis
1019 2719 1095 2743 non
1114 2706 1317 2755 praestandi
1335 2718 1358 2742 a
1374 2710 1481 2754 parte
1502 2705 1630 2750 altera,
1648 2711 1770 2743 metus
1782 2706 1864 2756 jus-

488 2773 549 2805 tus
578 2767 723 2805 conferi
741 2780 817 2805 non
842 2772 978 2817 potest.
1033 2766 1159 2804 Causa
1187 2767 1298 2811 enim,
1318 2778 1404 2816 quae
1422 2766 1603 2816 impedire
1622 2779 1697 2804 non
1715 2771 1864 2816 poterat

491 2829 583 2877 quin
602 2829 868 2877 pacisceretur,
888 2829 1070 2878 impedire
1088 2841 1164 2866 non
1183 2828 1296 2866 debet
1314 2828 1405 2877 quin
1423 2832 1577 2878 pactum
1595 2833 1758 2877 praestet.
