2020 3262
516 278 604 329 178
1050 291 1331 324 LIBERTAS.

252 422 379 455 sEcvn
396 423 464 456 111,
503 402 583 465 jus
605 401 752 449 habes
776 416 835 448 ex
857 402 963 464 ipso
999 409 1159 457 statu3
1195 402 1263 449 ita
1293 409 1349 448 ut
1385 417 1506 464 opus
1541 417 1640 448 non
1662 401 1724 449 sit
1745 401 1879 464 prius

346 474 374 504 2·
448 519 453 529 ‚
510 476 720 535 credere,
745 484 800 524 ut
821 476 1068 524 fallentem
1090 485 1202 539 post
1224 476 1502 524 interficias.
1539 476 1596 523 In
1617 482 1747 523 statu
1763 491 1878 524 vero

510 552 653 610 civili,
677 551 760 599 ubi
777 552 856 614 jus
879 552 992 599 vitae
1016 559 1065 599 et
1087 552 1235 610 necis,
1259 551 1509 613 omnisque
1531 566 1689 614 poenae
1712 566 1881 614 corpo-

509 627 623 674 ralis
654 642 803 690 penes
828 627 1076 674 civitatem
1101 634 1187 686 est,
1213 626 1332 674 illud
1364 626 1523 689 ipsum
1549 627 1629 688 jus
1651 625 1880 673 interfici-

509 701 621 749 endi
666 702 856 764 privato
903 702 1102 749 concedi
1153 718 1251 749 non
1302 707 1479 764 potest.
1571 700 1743 763 Neque
1787 700 1880 763 ipsi

508 776 694 824 civitati
717 792 837 839 opus
855 782 942 834 est,
957 783 1013 823 ut
1036 776 1244 839 aliquem
1266 775 1451 838 puniat,
1469 775 1716 838 postulare
1733 782 1879 838 pacto

507 857 563 899 ut
597 851 882 919 patientiam
918 858 1132 914 praestet,
1164 851 1248 898 sed
1293 858 1484 899 tantum
1519 866 1582 898 ne
1622 851 1880 913 quisquam

509 926 736 974 defendat
761 927 893 974 alios.
932 927 983 974 Si
1007 927 1057 974 in
1082 933 1212 974 statu
1234 933 1436 984 naturae,
1455 926 1588 973 velut
1610 925 1738 973 inter
1761 925 1879 973 duas

508 1002 741 1060 civitates,
764 1002 904 1049 fieret
934 1009 1132 1064 pactum
1157 1001 1216 1048 de
1239 1000 1577 1048 interficiendo
1606 1000 1659 1047 ni
1691 1000 1878 1059 fecerit,

506 1076 794 1140 intelligitur
816 1076 1120 1140 praecessisse
1139 1076 1271 1124 aliud
1292 1084 1488 1139 pactum
1522 1075 1582 1123 de
1606 1091 1706 1122 non
1728 1075 1880 1123 inter-

507 1152 722 1199 ficiendo
745 1158 858 1199 ante
880 1151 1207 1214 praestitutum
1238 1151 1380 1199 diem.
1451 1152 1622 1214 Itaque
1655 1166 1712 1198 eo
1738 1150 1816 1197 die
1839 1151 1880 1198 si

508 1227 780 1289 praestitum
810 1242 909 1274 non
949 1226 1026 1284 sit,
1052 1226 1179 1274 redit
1207 1227 1284 1288 jus
1319 1226 1448 1284 belli,
1472 1226 1566 1273 hoc
1603 1233 1691 1284 est,
1724 1233 1880 1273 status

505 1302 706 1360 hostilis,
744 1302 795 1348 in
833 1317 927 1364 quo
965 1301 1127 1348 omnia
1170 1301 1334 1359 licent,
1371 1301 1578 1364 ideoque
1624 1300 1770 1348 etiam
1803 1316 1880 1348 re-

507 1377 692 1424 sistere.
750 1377 1013 1434 Postremo,
1035 1383 1180 1438 pacto
1210 1392 1309 1423 non
1331 1376 1586 1423 resistendi
1609 1375 1880 1438 obligamur

508 1452 716 1499 duorum
751 1450 989 1497 malorum
1028 1451 1342 1513 praesentium
1378 1451 1555 1514 eligere
1588 1450 1723 1509 illud,
1748 1451 1879 1513 quod

506 1527 661 1589 majus
683 1525 941 1574 videbitur.
1012 1526 1140 1573 Nam
1174 1542 1303 1573 mors
1341 1533 1474 1573 certa
1506 1526 1662 1588 majus
1698 1525 1879 1572 malum

506 1610 596 1660 est,
617 1617 760 1664 quam
777 1616 954 1663 pugna.
993 1600 1090 1647 Sed
1108 1600 1313 1648 duorum
1330 1601 1567 1648 malorum
1583 1600 1879 1663 impossibile

507 1684 583 1725 est
606 1692 704 1724 non
729 1676 905 1739 eligere
930 1675 1102 1722 minus.
1171 1676 1276 1722 Tali
1300 1691 1415 1738 ergo
1438 1682 1580 1738 pacto
1605 1682 1880 1722 teneremur

505 1752 568 1799 ad
585 1751 894 1814 impossibile,
920 1750 1052 1812 quod
1074 1757 1262 1798 naturae
1278 1759 1533 1814 pactorum
1556 1757 1811 1814 repugnat.

265 1833 385 1862 Pactum
398 1835 433 1863 de
447 1842 477 1884 §e
575 1832 649 1874 19.
688 1826 919 1874 Similiter
936 1841 1093 1888 neque
1111 1833 1307 1873 tenetur
1323 1827 1578 1889 quisquam
1600 1825 1754 1889 pactis
1767 1825 1878 1873 ullis

264 1886 391 1949 3333
404 1888 485 1949 min.
502 1902 565 1949 ad
588 1918 638 1949 se
661 1901 1000 1958 accusandum,
1019 1901 1094 1948 vel
1117 1901 1279 1960 alium,
1303 1903 1439 1965 cujus
1458 1901 1764 1949 damnatione
1778 1901 1880 1950 vita

502 1977 593 2026 sibi
607 1978 781 2025 acerba
796 1977 960 2024 futura
977 1985 1063 2024 est.
1117 1977 1289 2040 Itaque
1304 1993 1461 2040 neque
1479 1985 1619 2040 pater
1642 1977 1693 2023 in
1709 1975 1877 2035 filium,

500 2068 656 2116 neque
681 2054 858 2116 conjux
880 2052 930 2099 in
965 2053 1235 2115 conjugem,
1259 2069 1416 2116 neque
1439 2053 1565 2100 filius
1589 2052 1640 2099 in
1675 2058 1878 2114 patrem,

501 2144 657 2191 neque
682 2128 932 2191 quisquam
956 2128 1005 2174 in
1025 2143 1135 2174 eum
1154 2129 1256 2175 sine
1280 2144 1376 2189 quo
1395 2128 1457 2175 ali
1474 2144 1573 2175 non
1586 2132 1764 2190 potest,
1780 2132 1877 2173 tes-

502 2203 757 2251 timonium
781 2203 940 2250 dicere
964 2202 1207 2264 obligatur
1229 2222 1238 2249 ε
1273 2202 1454 2250 frustra
1483 2202 1611 2250 enim
1644 2207 1716 2248 est
1739 2200 1877 2248 testi-

501 2279 732 2336 monium,
779 2277 910 2341 quod
961 2293 990 2323 a
1041 2285 1216 2324 natura
1261 2277 1503 2340 corrumpi
1552 2275 1875 2339 praesumitur.

503 2354 734 2402 Quamvis
748 2359 910 2400 autem
926 2360 1071 2414 pacto
1087 2352 1150 2398 ad
1173 2367 1223 2398 se
1241 2351 1563 2399 accusandum
1581 2350 1753 2412 aliquis
1777 2365 1876 2397 non

499 2435 738 2487 teneatur,
754 2428 806 2475 in
830 2426 1096 2490 quaestione
1111 2428 1274 2474 tamen
1295 2427 1488 2490 publica
1503 2425 1567 2473 ad
1582 2424 1876 2487 responden·
1950 2435 1953 2438 ·

501 2505 616 2552 dum
640 2503 856 2550 cruciatu
873 2501 981 2564 cogi
998 2508 1174 2564 potest.
1224 2502 1576 2565 Responsiones
1599 2506 1762 2548 autem
1780 2500 1876 2548 illae

499 2580 614 2627 facti
629 2577 960 2627 testimonium
982 2593 1082 2624 non
1113 2585 1241 2636 sunt,
1266 2577 1351 2625 sed
1373 2575 1721 2639 investigandae
1752 2574 1876 2622 veri—

500 2655 614 2702 tatis
656 2653 949 2716 adjumenta.
1019 2651 1095 2699 Ita
1133 2658 1189 2699 ut
1225 2652 1324 2700 sive
1358 2667 1526 2700 verum
1565 2650 1664 2698 sive
1698 2649 1875 2697 falsum

500 2729 740 2777 cruciatus
768 2727 1074 2791 respondeat,
1100 2727 1199 2775 sive
1217 2744 1316 2777 non
1340 2727 1536 2776 omnino
1567 2724 1872 2789 respondeat,

493 2805 600 2866 jure
617 2804 777 2852 faciat.
