2020 3262
604 214 673 247 DE
700 213 968 247 ΑΡΡΕΤιΤυ
996 213 1062 246 ΕΤ
1090 213 1250 257 FUGA,
1277 214 1392 247 ETc.
1613 205 1675 246 99

299 325 422 384 sitae,
469 326 680 382 bonum;
729 341 841 373 nam
883 324 1171 387 jucundum.
1256 324 1498 372 Videntur
1544 325 1673 372 enim

299 401 474 465 cuique
508 409 850 466 argumentum
871 400 1143 464 prudentiae
1178 416 1292 448 suae.
1364 399 1673 459 Mendicitas‚

297 477 376 525 vel
399 477 546 526 etiam
567 485 828 542 paupertas
852 476 974 524 eitra
996 475 1048 523 id
1080 475 1211 538 quod
1238 475 1564 523 necessarium
1588 482 1676 534 est,

297 552 508 620 malum;
544 554 658 617 quia
693 553 910 616 indigere
949 551 1247 609 necessariis,
1288 551 1485 599 malum.
1555 552 1677 598 Pau-

297 636 461 693 pertas
478 629 580 677 sine
597 628 881 692 indigentia,
896 628 1078 675 bonum
1100 648 1110 682 ;
1148 626 1390 675 subtrahit
1426 626 1677 674 dominum

298 719 439 752 suum
462 705 522 752 ab
547 703 743 763 invidia,
768 703 1012 752 calumnia
1035 711 1085 750 et
1108 703 1310 750 insidiis.

365 785 411 828 8.
449 779 709 843 Sapientia,
735 780 870 828 utile.
940 779 1069 827 Nam
1086 778 1365 842 praesidium
1383 779 1434 826 in
1458 794 1509 826 se
1532 778 1680 825 habet

297 855 599 904 nonnullum.
668 856 828 904 Etiam
865 855 1126 919 appetibile
1158 863 1234 903 est
1270 871 1357 918 per
1398 871 1465 913 se,
1501 853 1552 901 id
1589 861 1677 913 est,

291 931 578 994 jucundum.
616 932 740 979 Item
758 932 1037 996 pulchrum;
1065 932 1179 994 quia
1199 932 1439 995 acquisitu
1455 931 1676 979 difficilis.

297 1007 592 1071 Ignorantia,
617 1008 826 1063 malum;
862 1017 918 1055 ut
951 1008 1003 1054 in
1036 1023 1131 1070 qua
1161 1007 1442 1071 praesidium
1474 1007 1676 1065 nullum,

294 1098 454 1147 neque
478 1082 749 1146 ingruentis
774 1083 888 1131 mali
911 1083 1153 1147 praevisio.
1537 1147 1539 1149 ‚

361 1159 652 1208 Divitiarum
677 1176 822 1229 quam
847 1159 1097 1223 sapientiae
1122 1160 1298 1223 cupido
1314 1161 1482 1223 major.
1519 1159 1678 1222 Vulgo

295 1235 426 1284 enim
443 1251 544 1283 non
568 1237 804 1299 quaeritur
826 1237 932 1284 haec
955 1236 1046 1283 nisi
1071 1244 1272 1299 propter
1296 1236 1416 1284 illas.
1486 1236 1549 1283 Et
1572 1235 1678 1283 illas

294 1312 336 1360 si
358 1311 553 1371 habent,
581 1312 729 1360 etiam
760 1313 887 1360 hanc
910 1312 1090 1360 habere
1127 1312 1282 1360 videri
1305 1313 1493 1360 volunt.
1564 1312 1679 1359 Non

294 1387 424 1436 enim
462 1388 545 1451 qui
579 1389 770 1452 sapiens
807 1396 896 1448 est,
934 1395 990 1436 ut
1024 1387 1188 1436 dixere
1222 1389 1377 1447 stoici,
1411 1389 1544 1436 dives
1576 1396 1677 1443 est;

294 1463 381 1512 sed
403 1471 589 1523 contra,
615 1465 698 1528 qui
722 1465 855 1513 dives
880 1471 954 1512 est
978 1464 1168 1527 sapiens
1195 1463 1429 1512 dicendus
1455 1471 1543 1512 est.

361 1540 623 1603 Sapientiae
647 1557 793 1604 quam
813 1541 1092 1589 divitiarum
1110 1541 1266 1604 major
1289 1549 1363 1588 est
1379 1540 1548 1603 gloria.
1586 1539 1679 1587 Hae

294 1614 425 1663 enim
457 1631 547 1679 pro
587 1615 715 1664 illius
763 1616 902 1680 signo
947 1616 1116 1663 haberi
1163 1617 1334 1663 solent.
1405 1616 1683 1679 Indigentia

295 1707 441 1754 quam
459 1692 668 1740 stultitia
685 1693 844 1740 minus
864 1699 938 1740 est
953 1692 1164 1740 dedecus
1181 1714 1192 1748 ;
1229 1693 1312 1740 illa
1326 1693 1455 1740 enim
1468 1693 1679 1740 fortunae

294 1766 603 1830 iniquitatem
627 1784 856 1816 accusare
879 1774 1042 1831 potest
1063 1789 1074 1824 ;
1111 1768 1215 1816 haee
1234 1775 1462 1816 naturam
1480 1775 1680 1816 accusat

294 1843 462 1891 solam.
530 1843 849 1892 Tolerabilior
878 1851 1039 1891 autem
1061 1851 1135 1892 est
1159 1844 1363 1892 stultitia
1382 1861 1528 1908 quam
1552 1845 1677 1892 indi-

294 1920 462 1983 gentia
483 1940 494 1974 ;
531 1920 614 1968 illa
637 1921 766 1968 enim
789 1921 839 1968 in
866 1921 1080 1984 proprio,
1106 1921 1237 1983 quod
1260 1921 1412 1978 aiunt,
1438 1921 1677 1969 elemento

294 2011 395 2043 non
416 2003 602 2059 gravat.

362 2077 408 2119 9.
447 2071 674 2119 Scientiae
699 2072 798 2119 sive
822 2079 966 2131 artes,
990 2073 1188 2120 bonum.
1223 2073 1508 2121 Juoundum
1532 2073 1676 2121 enim.

295 2146 426 2195 Nam
448 2147 592 2195 finxit
615 2154 792 2195 natura
813 2148 1061 2196 hominem
1085 2149 1241 2196 omnis
1265 2149 1335 2196 rei
1365 2166 1504 2198 novae
1529 2150 1680 2197 admi-

294 2231 526 2282 ratorem,
567 2222 618 2270 id
663 2232 750 2280 est,
795 2223 991 2271 avidum
1031 2224 1218 2272 sciendi
1260 2226 1478 2273 omnium
1517 2241 1681 2273 rerum

295 2314 481 2348 causas.
552 2299 723 2362 Itaque
759 2300 830 2357 fit,
866 2307 921 2347 ut
961 2299 1163 2348 scientia
1199 2300 1262 2348 sit
1303 2309 1498 2349 tantum
1533 2302 1682 2349 animi

293 2375 541 2439 pabulum,
568 2370 617 2422 et
650 2375 855 2437 proinde
893 2375 1097 2424 eandem
1132 2376 1312 2425 habeat
1345 2378 1586 2426 rationem
1620 2378 1684 2425 ad

295 2451 512 2499 animum
547 2467 693 2514 quam
727 2451 911 2499 habent
947 2452 1179 2500 alimenta
1213 2454 1276 2501 ad
1300 2470 1510 2517 corpus3
1548 2461 1597 2502 et
1626 2462 1682 2502 ut

296 2526 529 2575 esurienti
553 2527 704 2586 cibuS,
723 2527 794 2574 ita
817 2535 930 2575 sunt
954 2528 1116 2576 animo
1137 2530 1328 2577 curioso
1345 2530 1679 2593 phaenomena.

297 2602 542 2651 Differunt
565 2610 730 2651 tamen
766 2603 818 2651 in
840 2604 949 2664 hoe,
975 2604 1106 2667 quod
1131 2606 1322 2669 corpori
1346 2606 1569 2654 accidere
1592 2623 1682 2670 po-

296 2686 393 2727 test
416 2679 637 2727 ciborum
672 2680 898 2736 satietas3
936 2680 1126 2728 animus
1161 2688 1325 2729 autem
1363 2682 1560 2730 sciendo
1599 2699 1682 2731 ex-

297 2754 418 2817 pleri
440 2771 540 2803 non
564 2763 742 2819 potest.

362 2830 539 2890 Etiam,
581 2847 669 2879 sua
706 2832 881 2896 cuique
919 2849 998 2881 ars
1037 2841 1238 2882 eatenus
1268 2835 1418 2894 utilis,
1444 2842 1681 2899 quatenus

1467 2927 1502 2960 H
1520 2928 1538 2954 2

1728 347 1854 380 SECT.
1871 348 1921 380 11.

1796 399 1846 429 11.

1736 791 1888 829 Sapientia.

1735 2081 1828 2110 Artes.
