1968 3256
351 276 423 311 DE
449 273 1003 311 REPRAESENTATIONE
1031 274 1278 319 OBJECTI,
1306 274 1423 309 ETc.
1507 266 1571 310 39

174 389 337 455 quoad
350 390 622 439 necessaria
641 397 756 438 sunt
772 388 838 437 ad
850 387 1091 436 rationem
1108 387 1409 436 reddendam
1423 405 1569 453 gene·
1615 411 1747 445 SEC-r,
1766 411 1816 445 11,

173 467 325 516 salem
345 484 512 516 earum
536 466 895 530 deceptionum,
922 481 1032 529 quae
1056 463 1289 513 accidunt
1310 465 1485 513 visioni
1509 483 1569 514 ex
1703 464 1735 495 4·
1834 523 1836 529 Α

171 545 536 609 transpectione
560 543 944 607 diaphanorum:
983 558 1092 606 quae
1123 541 1175 589 in
1194 557 1252 589 eo
1277 541 1567 599 consistunt,
1587 559 1686 585 tuetur
1699 559 1739 587 ita
1753 562 1786 587 ut

175 621 309 686 quod
332 621 416 685 qui
438 620 628 669 tabulas
646 619 967 684 perspectivae
990 618 1060 667 ita
1083 623 1272 666 attente
1295 618 1567 677 intuentur,
1587 601 1781 682 {2³1ssssssssssssssss
1783 613 1826 676 ‘v’i-

179 705 230 746 ut
252 713 362 762 quae
395 697 448 746 in
481 695 662 745 tabulis
684 696 958 759 pinguntur
991 696 1140 759 plana
1172 701 1445 758 appareant
1467 710 1569 742 non
1588 687 1826 762 gjgssfgfficrtgm

173 774 336 838 plana,
368 780 420 822 et
453 773 722 836 longinqua
761 788 871 836 quae
904 787 1007 820 non
1047 778 1164 820 sunt
1198 771 1483 834 longinqua,
1523 778 1573 818 et
1590 774 1733 803 efflatur·

176 858 340 899 erecta
357 854 466 914 quae
487 850 832 914 procumbunt,
856 849 943 908 illi,
966 848 1164 912 proprie
1186 847 1448 911 loquendo,
1473 863 1574 895 non

175 927 305 992 ipsas
321 926 512 977 tabulas
533 925 705 975 vident
727 933 814 974 aut
837 924 1070 985 sentiunt,
1089 923 1176 973 sed
1198 940 1276 973 res
1290 924 1436 988 ipsas,
1454 939 1573 988 quas

174 1003 339 1068 pictor
370 1002 606 1061 imitatur,
641 1007 756 1050 ante
790 1001 919 1050 visas
958 1000 1297 1049 recordantur.
1365 1000 1441 1048 Ex
1477 1015 1573 1064 quo
1588 1008 1688 1080 Judetgx
1700 1016 1761 1046 per·
1783 1051 1787 1057 ,

175 1079 325 1128 etiam
347 1078 507 1127 obiter
521 1078 731 1142 intelligi
746 1078 842 1126 hoc
858 1083 1039 1142 potest,
1054 1077 1236 1126 tabulae
1252 1077 1574 1142 perspectivas
1590 1062 1658 1091 ΨΟ
1673 1062 1726 1081 'w
1740 1060 1780 1090 ‘¹⁰
1791 1060 1814 1080 δ’

171 1154 390 1220 judicem
412 1155 660 1205 neminem
689 1170 794 1202 esse
820 1170 980 1218 posse,
1004 1170 1067 1206 ne
1094 1153 1442 1218 philosophum
1466 1154 1575 1217 qui-

178 1231 291 1288 dem
313 1231 490 1296 ipsum,
515 1231 601 1294 qui
619 1231 835 1279 rationes
861 1231 1040 1295 opticae
1065 1246 1233 1278 omnes
1252 1230 1572 1294 perspexerit,

176 1308 271 1357 nisi
294 1302 663 1372 qui'multiplici
686 1307 990 1371 experientia
1011 1307 1280 1356 multarum
1303 1323 1471 1356 rerum
1494 1324 1576 1370 ap-

177 1384 424 1449 parentias
459 1384 708 1432 naturales
743 1385 1025 1432 observatas
1051 1390 1455 1447 comparatasque
1478 1400 1577 1431 me-

178 1460 334 1510 moria
363 1459 654 1516 retinuerit3
689 1460 965 1524 habeatque
995 1467 1237 1524 praeterea
1271 1460 1580 1523 imaginatio-

178 1553 292 1586 nem
310 1542 636 1597 constantem,
651 1553 714 1585 ne
730 1538 855 1586 ideae
872 1553 1038 1585 rerum
1054 1537 1287 1597 visarum,
1307 1536 1425 1586 dum
1438 1537 1580 1585 fictas

180 1615 556 1679 contemplatur,
581 1614 744 1663 animo
769 1615 1042 1663 elabantur.

252 1698 327 1741 12.
363 1692 452 1739 Est
475 1697 526 1739 et
542 1691 677 1739 aliud
693 1691 1014 1755 perspectivae
1032 1706 1204 1755 genus,
1228 1690 1374 1753 hujus
1399 1690 1459 1738 de
1484 1706 1582 1754 qua
1600 1697 1848 1735 Perspecfivaeiu-

1598 1751 1683 1770 versa
1696 1744 1748 1775 est,
1758 1749 1847 1778 quam

182 1768 394 1816 diximus
408 1767 691 1826 inversae,in
709 1783 806 1830 qua
820 1768 899 1831 obj
905 1775 1069 1815 ectum
1082 1767 1244 1831 ipsum
1258 1766 1381 1814 rude
1395 1766 1583 1830 aliquid
1597 1785 1683 1814 finem
1698 1784 1825 1813 visuum

182 1850 402 1908 apparet,
444 1851 495 1892 et
512 1844 608 1892 nisi
632 1843 775 1892 oculo
800 1844 851 1892 in
875 1851 1011 1892 certo
1034 1850 1219 1908 puncto
1244 1844 1484 1892 collocato
1506 1844 1580 1891 in-
1595 1829 1862 1911 ᾗῗῇἣῗζζζζαζζὸ

182 1922 339 1970 forme
356 1941 369 1976 ;
405 1920 458 1968 in
481 1937 541 1968 eo
564 1936 682 1969 vero
695 1928 882 1985 puncto
905 1920 958 1969 id
979 1920 1174 1969 videtur
1193 1920 1327 1984 quod
1344 1936 1581 1985 apparere
1601 1916 1847 1999 ssffiffinffiffim

183 1998 340 2047 voluit
373 1997 549 2061 pictor.
621 1997 681 2045 Id
718 1998 852 2062 quod
890 1998 984 2046 hac
1018 1997 1210 2046 ratione
1247 1997 1356 2045 fieri
1386 2003 1581 2062 potest:

184 2088 338 2139 prope
382 2073 585 2137 planum
630 2073 829 2137 aliquod
874 2074 1021 2122 statui
1065 2073 1371 2138 intelligatur
1416 2073 1585 2122 tabula

183 2151 336 2215 picta,
353 2150 407 2198 in
424 2150 644 2213 qualibet
660 2150 723 2198 ab
742 2150 884 2198 oculo
909 2150 1144 2199 distantia
1163 2171 1175 2207 3
1213 2150 1587 2199 considerentur

185 2227 329 2276 lineae
343 2242 513 2275 omnes
535 2226 744 2275 visuales
767 2242 858 2290 per
874 2242 1270 2291 unamquamque
1293 2227 1587 2291 particulam

187 2305 292 2368 ejus
325 2310 656 2362 transeuntes,
683 2304 736 2351 in
764 2320 874 2367 quae
908 2304 1111 2367 parietis
1135 2304 1214 2352 vel
1235 2304 1370 2368 plani
1401 2309 1587 2368 puncta

186 2379 442 2444 productae
466 2379 706 2428 desinant.
776 2379 941 2444 Atque
971 2380 1042 2428 ibi
1068 2380 1203 2428 illam
1225 2381 1407 2429 tabulae
1433 2381 1588 2445 parti-

189 2456 350 2505 culam
366 2456 589 2520 pingant,
607 2456 661 2504 id
684 2455 818 2520 quod
839 2471 985 2505 sensu
1013 2456 1121 2505 fieri
1144 2473 1245 2506 non
1266 2463 1450 2522 potest,
1476 2458 1591 2522 quia

189 2532 358 2581 tabula
391 2532 525 2596 picta
564 2549 667 2580 non
708 2540 784 2581 est
819 2540 1149 2598 transparenS,
1186 2534 1274 2582 sed
1313 2534 1587 2583 rationibus

189 2608 500 2673 geometricis
520 2631 533 2666 ;
568 2608 777 2673 ideoque
799 2609 1012 2674 pictores
1033 2610 1242 2675 professi
1263 2627 1365 2660 non
1383 2619 1590 2676 possunt

192 2701 362 2734 omnes
394 2685 490 2734 hoc
517 2685 694 2746 facere,
728 2686 815 2735 sed
845 2703 938 2751 ope
959 2694 1170 2736 utuntur
1192 2694 1587 2752 geometrarum:

192 2761 279 2811 sed
302 2762 498 2826 quando
530 2762 718 2811 factum
742 2771 830 2823 est,
855 2764 998 2813 oculo
1021 2764 1182 2828 posito
1206 2764 1258 2812 in
1282 2764 1456 2814 eodem
1477 2766 1588 2815 loco

193 2846 431 2903 apparent
467 2841 632 2888 omnia
667 2848 904 2904 tanquam
936 2841 988 2888 in
1029 2841 1174 2889 unius
1213 2842 1393 2890 tabulae
1422 2843 1586 2907 plano.

194 2915 484 2979 Exemplum
517 2916 662 2980 hujus
693 2917 765 2964 rei
802 2917 1023 2965 exhibuit
1062 2918 1122 2966 R.
1143 2918 1194 2966 P.
1232 2918 1505 2968 Niceronus
1536 2920 1588 2969 in

198 2990 454 3041 Conventu
478 2992 797 3041 Minimorum
822 2993 1030 3042 Parisiis.
