2020 3262
475 225 571 268 290
1015 235 1315 269 IMPERIUM.

217 364 343 397 sncvr.
363 366 431 399 111,
539 350 585 392 6.
610 345 768 408 Vulgo
783 346 999 405 docetur,
1004 347 1163 409 fidem
1182 354 1231 394 et
1243 346 1562 394 sanctitatem
1578 360 1671 393 non
1685 345 1849 394 studio

305 416 352 446 ¹²·
474 425 525 466 et
546 420 743 468 ratione
773 421 998 468 naturali
1030 422 1244 486 acquiri,
1269 422 1362 469 sed
1393 436 1588 485 semper
1611 435 1851 485 superna-

197 499 433 529 Fidemetsanc-
475 494 711 542 turaliter
734 494 1004 543 hominibus
1041 496 1236 559 irfimdz‘
1266 495 1346 543 vel
1376 495 1636 559 inspirari.
1706 493 1853 544 Quod

196 543 307 571 titatem
320 553 379 571 non
392 547 450 572 stu-

197 585 408 636 dioeyfatione
475 568 515 616 si
531 584 698 617 verum
722 577 861 628 esset,
887 586 987 618 non
1006 570 1146 618 video
1172 586 1319 633 quare
1345 570 1582 617 rationem
1604 568 1719 616 fidei
1740 582 1852 617 nos-

195 630 460 709 ssffiisseffltsff‘
475 651 566 692 trae
589 644 792 692 reddere
810 646 1107 707 juberemur,
1131 652 1216 692 aut
1231 661 1317 692 cur
1334 645 1374 692 is
1395 661 1495 692 non
1518 644 1581 691 sit
1596 643 1852 707 propheta,

197 714 435 795 ζῗξζὲιζὲᾛῗ
477 719 691 782 quisquis
715 736 826 767 vere
861 720 1163 767 Christianus
1196 727 1297 775 est3
1334 729 1420 767 aut
1457 719 1679 781 denique,
1704 733 1852 782 quare

197 800 300 829 ‹litiosa
324 802 427 838 opinio·
476 810 576 841 non
589 795 921 857 unusquisque
939 795 1056 857 quid
1073 794 1350 842 faciendum
1369 801 1418 841 et
1436 794 1554 857 quid
1570 792 1854 861 fugiendum

477 869 568 916 sibi
587 869 664 927 sit,
684 885 744 916 ex
760 869 954 932 propria
969 869 1130 931 potius
1148 869 1479 932 inspiratione,
1496 884 1640 931 quam
1654 883 1714 915 ex
1729 863 1854 931 prael-

479 943 631 1006 ceptis
671 943 1012 1006 imperantium
1059 950 1143 990 aut
1182 951 1316 991 recta
1354 944 1543 991 ratione
1577 943 1853 991 aestimaret.

477 1018 684 1066 Reditur
714 1019 868 1081 igitur
904 1019 967 1066 ad
1004 1019 1330 1083 cognitionem
1361 1019 1618 1083 privatam
1658 1017 1769 1065 boni
1806 1023 1856 1065 et

477 1093 611 1151 mali,
637 1110 744 1156 quae
781 1093 984 1141 concedi
1017 1110 1118 1141 non
1151 1100 1313 1156 potest
1345 1094 1447 1140 sine
1485 1093 1734 1140 civitatum
1758 1091 1855 1140 dis-

479 1168 733 1215 solutione.
778 1168 956 1230 Opinio
980 1168 1084 1215 haec
1103 1168 1225 1215 adeo
1240 1168 1339 1215 late
1356 1183 1443 1230 per
1467 1168 1636 1215 orbem
1654 1167 1856 1214 Christi-

479 1258 626 1289 anum
651 1242 823 1289 diffusa
838 1249 926 1301 est,
944 1249 999 1289 ut
1022 1258 1250 1289 numerus
1270 1248 1604 1304 apostatarum>
1616 1257 1646 1288 a
1667 1241 1857 1289 ratione

479 1317 688 1364 naturali
724 1332 847 1379 pene
878 1317 1095 1364 infinitus
1119 1317 1195 1364 sit.
1267 1317 1396 1364 Nata
1414 1324 1578 1364 autem
1602 1323 1676 1364 est
1697 1316 1759 1364 ab
1782 1316 1856 1363 in-

481 1390 608 1438 sanis
631 1390 924 1449 hominibus,
941 1391 1038 1453 qui,
1056 1391 1415 1453 Scripturarum
1441 1391 1650 1440 lectione
1668 1390 1858 1454 copiam

479 1465 738 1512 verborum
769 1481 1016 1513 sacrorum
1038 1465 1186 1523 nacti,
1211 1466 1281 1513 ita
1304 1481 1362 1513 ea
1385 1465 1717 1513 concionando
1741 1481 1857 1513 con-

479 1547 675 1587 nectere
693 1540 820 1587 soliti
836 1548 963 1598 sunt,
979 1548 1035 1587 ut
1054 1556 1222 1587 eorum
1236 1540 1404 1599 oratio,
1422 1541 1542 1587 nihil
1565 1540 1856 1603 significans,

481 1614 716 1677 imperitis
739 1622 904 1662 tamen
926 1615 1202 1662 hominibus
1228 1614 1391 1662 divina
1403 1615 1640 1663 videatur.
1709 1615 1858 1678 Cujus

482 1690 612 1736 enim
634 1690 758 1737 ratio
775 1690 923 1748 nulla,
941 1690 1098 1736 oratio
1118 1689 1280 1736 divina
1297 1696 1511 1752 apparet,
1530 1690 1571 1737 is
1587 1690 1858 1738 necessario

484 1764 713 1812 divinitus
735 1765 980 1812 videbitur
1002 1765 1279 1827 inspiratus.

204 1848 325 1876 Civibus
335 1847 457 1885 singulis
551 1841 597 1893 7.
636 1840 852 1902 Septima
870 1839 1149 1888 civitatibus
1169 1838 1371 1886 adversa
1389 1838 1612 1887 doctrina
1629 1846 1718 1894 est,
1742 1839 1861 1887 eivi-

204 1901 268 1920 eSSG
280 1900 376 1919 rerum
387 1900 455 1918 ‘SUB‘-

204 1943 270 1962 rum
295 1934 448 1983 proprieta
485 1914 572 1962 bus
590 1915 806 1979 singuli-s·
825 1930 993 1961 earum
1014 1930 1193 1972 rerum,
1219 1930 1345 1977 quas
1363 1914 1645 1978 possident,
1666 1913 1860 1961 absolu-

203 1982 263 2047 ξξζζζ
275 1978 461 2053 ἲζξοῑῖἶῖῗζζῗ
486 1996 585 2037 tum
608 2005 716 2036 esse
740 1989 998 2037 dominium
1015 2007 1032 2036 .·
1073 1989 1168 2036 hoc
1196 1996 1285 2047 est,
1305 1989 1674 2053 proprietatem
1696 1988 1859 2046 talem,

205 2063 338 2092 ³0¹1³⁶⁰⁵³
364 2063 467 2100 ⁰Pini0·
486 2080 594 2127 quae
613 2065 692 2126 jus
716 2071 1003 2111 caeterorum
1027 2064 1257 2121 omnium,
1281 2079 1380 2110 non
1403 2063 1547 2111 modo
1573 2063 1858 2121 concivium,

486 2139 571 2186 sed
586 2139 731 2186 etiam
747 2139 896 2202 ipsius
916 2139 1123 2186 civitatis
1138 2139 1188 2186 in
1205 2138 1397 2185 easdem
1411 2154 1488 2186 res
1506 2138 1732 2186 excludit.
1801 2137 1860 2184 Id

487 2215 617 2276 quod
638 2231 807 2262 verum
843 2231 942 2262 non
978 2221 1065 2262 est.
1136 2214 1264 2261 Nam
1288 2214 1370 2276 qui
1395 2213 1633 2261 dominum
1661 2213 1858 2269 habent,

487 2289 746 2336 dominium
779 2306 878 2336 non
910 2289 1109 2345 habent,
1133 2296 1189 2335 ut
1220 2289 1477 2351 probatum
1500 2296 1572 2336 est
1593 2288 1749 2351 capite
1777 2303 1858 2335 oc-

484 2371 612 2421 tavo,
628 2364 833 2411 articulo
853 2364 1037 2426 quinto.
1076 2363 1256 2410 Civitas
1270 2370 1433 2410 autem
1451 2363 1626 2410 civium
1643 2362 1859 2410 omnium

485 2439 682 2486 domina
704 2446 792 2496 est,
812 2455 871 2486 ex
885 2471 889 2474 -
903 2439 1264 2486 constitutione.
1333 2438 1461 2485 Ante
1485 2444 1761 2500 susceptum
1779 2438 1859 2500 Ju-

484 2530 600 2576 gum
638 2513 792 2571 civile,
821 2514 1001 2561 nemini
1039 2521 1144 2560 erat
1183 2513 1436 2576 quicquam
1467 2512 1606 2574 juris
1632 2511 1858 2576 proprii,

486 2588 649 2635 omnia
682 2589 904 2636 omnibus
940 2588 1206 2636 eommunia
1242 2594 1393 2635 erant.
1461 2587 1551 2634 Dic
1574 2602 1705 2649 ergo,
1728 2586 1859 2634 unde

486 2663 576 2710 tibi
590 2664 891 2727 proprietas
924 2664 1045 2721 haec,
1069 2663 1163 2710 nisi
1185 2679 1215 2710 a
1238 2662 1432 2710 civitate
1451 2661 1467 2708 Ρ
1538 2661 1679 2708 Unde
1696 2668 1859 2708 autem

489 2738 689 2795 civitati,
708 2738 801 2785 nisi
816 2738 947 2801 quod
959 2739 1285 2801 unusquisque
1303 2738 1380 2799 jus
1396 2728 1535 2783 suum
1549 2736 1600 2783 in
1614 2736 1859 2784 civitatem

489 2813 845 2861 transtulisset?
914 2815 976 2861 Et
1000 2822 1055 2861 tu
1078 2828 1193 2875 ergo
1216 2819 1353 2859 tuum
1373 2811 1450 2873 jus
1464 2810 1648 2858 civitati
1667 2824 1859 2875 quoque
