1982 3256
460 252 522 295 68
973 266 1042 299 DE
1069 266 1305 300 HOMINE.

212 394 337 426 SECT,
358 395 406 427 11,
461 372 500 430 Ι,
516 379 566 419 et
579 372 691 420 inde
709 373 771 421 ad
788 374 834 421 N
851 391 863 429 ;
888 384 1224 439 sumptumque
1242 377 1372 424 sitin
1391 377 1559 424 eadem
1578 378 1615 426 C
1630 378 1673 426 D
1691 379 1822 427 aliud

297 445 328 476 ⁸·
459 454 692 510 punctum
723 449 952 496 remotius
977 450 1030 508 C,
1054 466 1083 498 a
1106 467 1199 513 quo
1223 451 1489 514 procedens
1512 452 1672 501 radius
1697 453 1735 500 C
1754 453 1801 501 H
1804 492 1829 514 ,-

458 523 788 587 refractusque
824 525 874 572 in
908 532 1111 588 utraque
1146 527 1327 590 dioptri
1360 528 1626 589 superficie,
1650 537 1822 591 pergat

456 614 544 661 per
566 599 689 646 LM.
759 599 879 647 Dico
916 600 1023 647 LM
1059 601 1231 649 cadere
1266 602 1392 649 inter
1429 602 1514 649 IN
1543 609 1592 649 et
1619 618 1823 666 perpen-

458 673 720 721 dicularem
744 674 782 721 C
797 674 856 721 D.
894 674 1136 723 Quoniam
1154 676 1282 723 enim
1306 677 1344 724 C
1360 676 1425 734 H,
1451 677 1492 724 G
1508 677 1554 724 H
1580 693 1629 724 se
1651 685 1821 726 mutuo

458 754 622 795 secant
645 747 694 794 in
720 749 784 806 H,
805 748 944 796 cadet
964 750 1011 796 H
1026 750 1066 796 L
1088 749 1217 798 intra
1240 751 1288 798 H
1306 751 1344 807 Ι,
1370 758 1419 798 et
1441 752 1480 798 L
1494 753 1547 798 M
1566 752 1695 800 intra
1713 753 1736 800 I
1751 752 1820 800 N:

457 823 615 870 minus
640 838 754 886 ergo
779 839 806 871 a
830 823 1171 886 perpendiculo
1196 825 1234 872 C
1250 826 1292 872 D
1318 826 1527 889 divergit
1550 827 1589 874 L
1604 827 1657 874 M
1677 843 1823 890 quam

458 899 558 946 IN.
629 898 773 946 Quod
796 906 900 946 erat
921 899 1236 961 probandum.

181 975 358 1014 R⁸fi⁰q¹¹¹³¹0
368 977 414 1005 ‘1³⁰
437 994 445 1000 ·
524 980 571 1022 4.
606 974 680 1020 Ex
702 974 760 1021 iis
785 989 892 1036 quae
910 975 1011 1036 jam
1043 974 1173 1022 dicta
1197 982 1324 1031 sunt,
1348 975 1473 1023 ratio
1497 984 1698 1039 apparet
1720 993 1822 1024 ma-

180 1023 443 1091 Zfflssussfflss‘vi?
458 1049 648 1107 nifesta,
674 1064 822 1111 quare
846 1048 1089 1111 dioptrum
1124 1049 1356 1112 sphaerice
1381 1067 1646 1098 convexum
1669 1068 1823 1100 arma-

456 1131 567 1172 tura
589 1123 836 1171 oculorum
859 1124 1055 1186 propria
1077 1131 1149 1171 est
1183 1124 1255 1182 iis,
1295 1125 1376 1187 qui
1411 1141 1603 1173 causam
1625 1126 1822 1175 visionis

456 1198 667 1246 confusae
689 1199 870 1246 habent
891 1199 1032 1257 hanc,
1058 1199 1186 1261 quod
1208 1199 1330 1246 radii
1354 1217 1383 1247 a
1407 1201 1621 1262 quolibet
1645 1202 1823 1265 objecti

454 1281 634 1336 puncto
684 1273 736 1319 in
781 1273 1081 1335 superficiem
1127 1273 1254 1320 oculi
1304 1274 1494 1336 oblique
1538 1275 1821 1335 incidentes,

457 1348 619 1411 quales
643 1355 757 1394 sunt
778 1347 1019 1410 praecipue
1042 1348 1111 1395 illi
1135 1348 1217 1410 qui
1238 1355 1491 1396 transeunt
1513 1365 1600 1412 per
1625 1351 1820 1413 pupillae

456 1422 796 1480 extremitateS‚
834 1421 1054 1469 incidunt
1091 1422 1141 1469 in
1177 1422 1383 1470 retinam
1419 1423 1608 1486 longius
1639 1425 1698 1472 ab
1730 1441 1820 1474 axe

456 1497 633 1561 optico,
659 1513 688 1544 a
709 1504 847 1559 parte
870 1496 970 1543 axis
995 1496 1177 1555 eadem,
1199 1513 1342 1560 quam
1365 1498 1559 1546 visionis
1582 1499 1820 1548 distinctae

454 1579 628 1619 natura
648 1571 877 1635 postulat.
947 1572 1073 1619 Nam
1107 1572 1383 1635 hujusmodi
1408 1573 1668 1636 dioptrum‚
1692 1575 1820 1624 inter

456 1647 647 1695 oculum
665 1654 713 1694 et
737 1647 980 1709 objectum
998 1647 1050 1694 in
1071 1647 1233 1694 debita
1251 1648 1437 1695 ratione
1460 1650 1686 1711 positum,
1704 1651 1821 1700 facit

452 1728 507 1769 ut
529 1722 652 1770 radii
675 1739 705 1769 a
728 1722 940 1785 quolibet
963 1729 1142 1785 puncto
1166 1723 1412 1770 venientes
1435 1723 1498 1770 ad
1516 1726 1819 1787 superficiem

454 1797 581 1843 oculi
604 1797 860 1844 erectiores
884 1798 995 1853 sint,
1015 1804 1063 1844 et
1084 1804 1343 1860 propterea
1359 1798 1410 1845 in
1429 1799 1637 1861 spatium
1651 1801 1821 1850 retinae

455 1871 583 1918 circa
605 1887 743 1918 axem
767 1872 981 1935 opticum
1006 1873 1301 1920 contractius
1325 1873 1559 1921 incidant.
1628 1875 1702 1923 Ex
1725 1892 1819 1939 quo

453 1947 523 2004 fit,
539 1953 594 1993 ut
606 1947 692 1993 uni
710 1954 891 2010 puncto
911 1947 1089 2010 objecti
1102 1947 1301 2010 physico
1318 1949 1516 1996 unicum
1533 1951 1821 2012 respondeat

452 2029 687 2082 punctum
707 2022 959 2085 physicum
977 2022 1028 2069 in
1045 2022 1216 2081 retina,
1241 2039 1271 2070 a
1294 2039 1388 2085 quo
1413 2023 1559 2071 ducta
1580 2032 1713 2072 recta
1733 2042 1821 2089 per

452 2096 620 2144 retinae
640 2105 863 2144 centrum
886 2098 942 2145 fit
965 2098 1108 2145 unius
1127 2098 1299 2160 puncti
1315 2099 1459 2146 unica
1481 2106 1672 2146 tantum
1693 2100 1821 2148 linea

454 2171 662 2219 visualis,

179 2256 265 2284 Ratio
274 2256 443 2293 quarediop·
525 2252 569 2294 5.
607 2246 849 2305 Similiter,
873 2246 1126 2294 manifesta
1158 2247 1281 2295 ratio
1316 2254 1389 2295 est
1419 2263 1565 2310 quare
1587 2247 1819 2297 luscioso-

179 2303 264 2371 ἓῗέι
275 2308 441 2370 1Ϊιῖἶῖἒζ1ξω
458 2338 566 2368 rum
589 2322 796 2384 (quibus,
813 2329 1010 2384 propter
1027 2322 1221 2369 nimiam
1242 2323 1597 2381 refractionem,
1616 2323 1740 2370 radii
1757 2325 1816 2372 ab

455 2412 553 2443 uno
577 2403 756 2459 puncto
780 2396 958 2460 objecti
986 2397 1252 2444 incidentes
1285 2397 1336 2445 in
1368 2397 1668 2460 superficiem
1691 2399 1819 2446 oculi

456 2480 622 2519 secant
646 2488 784 2519 axem
814 2472 1029 2535 opticum
1054 2473 1176 2520 citra
1197 2473 1422 2530 retinam,
1440 2472 1742 2535 spatiumque
1765 2474 1817 2522 in

455 2547 611 2593 retina
625 2557 863 2609 occupant
884 2547 1086 2594 nimium
1109 2547 1159 2594 in
1175 2547 1392 2610 partibus
1411 2547 1684 2609 contrariis)
1705 2564 1817 2610 pro-

454 2621 560 2683 pria
605 2629 848 2669 armatura
893 2630 966 2669 est
1022 2621 1266 2685 dioptrum
1311 2637 1575 2668 concavum
1600 2641 1611 2676 ;
1670 2623 1815 2684 quod,

455 2696 664 2758 positum
686 2697 793 2744 loco
811 2697 939 2744 inter
956 2697 1148 2744 oculum
1171 2704 1220 2744 et
1237 2697 1479 2758 objectum
1498 2695 1677 2754 debito,
1700 2697 1817 2745 facit

455 2776 511 2816 ut
533 2771 654 2817 radii
677 2771 859 2834 obliqui
888 2770 1106 2818 incidant
1126 2771 1177 2817 in
1208 2769 1508 2832 superficiem
1531 2770 1657 2817 oculi
1678 2770 1816 2819 incli-

455 2845 666 2892 natiores
687 2866 698 2899 ;
723 2845 852 2892 unde
871 2845 1016 2892 iidem
1034 2844 1230 2893 refracti
1243 2859 1380 2891 axem
1396 2843 1610 2906 opticum
1625 2845 1815 2908 longius
