<?xml version="1.0" encoding="UTF-8"?>
<!DOCTYPE html PUBLIC "-//W3C//DTD XHTML 1.0 Transitional//EN"
    "http://www.w3.org/TR/xhtml1/DTD/xhtml1-transitional.dtd">
<html xmlns="http://www.w3.org/1999/xhtml" xml:lang="en" lang="en">
 <head>
  <title>
</title>
<meta http-equiv="Content-Type" content="text/html;charset=utf-8" />
  <meta name='ocr-system' content='tesseract 3.04.00' />
  <meta name='ocr-capabilities' content='ocr_page ocr_carea ocr_par ocr_line ocrx_word'/>
</head>
<body>
  <div class='ocr_page' id='page_1' title='image "./operaphilosophic02hobbuoft_0215.png"; bbox 0 0 2020 3262; ppageno 0'>
   <div class='ocr_carea' id='block_1_1' title="bbox 0 488 22 1208">
    <p class='ocr_par' dir='ltr' id='par_1_1' title="bbox 0 488 22 1208">
     <span class='ocr_line' id='line_1_1' title="bbox 0 488 22 1208; baseline 0 2054"><span class='ocrx_word' id='word_1_1' title='bbox 0 488 22 1208; x_wconf 95' lang='lat' dir='ltr'><em> </em></span> 
     </span>
    </p>
   </div>
   <div class='ocr_carea' id='block_1_2' title="bbox 460 242 1549 298">
    <p class='ocr_par' dir='ltr' id='par_1_2' title="bbox 460 242 1549 298">
     <span class='ocr_line' id='line_1_2' title="bbox 460 242 1549 298; baseline -0.001 -10"><span class='ocrx_word' id='word_1_2' title='bbox 460 253 613 293; x_wconf 83' lang='lat' dir='ltr'><strong>QUOD</strong></span> <span class='ocrx_word' id='word_1_3' title='bbox 641 254 749 287; x_wconf 84' lang='lat' dir='ltr'><em>LEX</em></span> <span class='ocrx_word' id='word_1_4' title='bbox 776 253 1109 298; x_wconf 80' lang='lat' dir='ltr'>NATURALIS,</span> <span class='ocrx_word' id='word_1_5' title='bbox 1135 254 1252 287; x_wconf 86' lang='lat' dir='ltr'>ETc.</span> <span class='ocrx_word' id='word_1_6' title='bbox 1456 242 1549 287; x_wconf 88' lang='lat'><em>201</em></span> 
     </span>
    </p>
   </div>
   <div class='ocr_carea' id='block_1_3' title="bbox 163 364 1856 2858">
    <p class='ocr_par' dir='ltr' id='par_1_3' title="bbox 163 364 1813 583">
     <span class='ocr_line' id='line_1_3' title="bbox 163 364 1813 432; baseline 0.001 -17"><span class='ocrx_word' id='word_1_7' title='bbox 163 366 313 432; x_wconf 84' lang='lat' dir='ltr'><strong>pacis.</strong></span> <span class='ocrx_word' id='word_1_8' title='bbox 359 364 498 414; x_wconf 87' lang='lat' dir='ltr'><em>Viam</em></span> <span class='ocrx_word' id='word_1_9' title='bbox 509 366 663 431; x_wconf 82' lang='lat' dir='ltr'><em>pacis</em></span> <span class='ocrx_word' id='word_1_10' title='bbox 686 365 988 425; x_wconf 84' lang='lat' dir='ltr'><em>nescierunt,</em></span> <span class='ocrx_word' id='word_1_11' title='bbox 1014 372 1065 413; x_wconf 90' lang='lat' dir='ltr'><em>et</em></span> <span class='ocrx_word' id='word_1_12' title='bbox 1089 381 1185 413; x_wconf 88' lang='lat' dir='ltr'><em>uon</em></span> <span class='ocrx_word' id='word_1_13' title='bbox 1209 372 1286 413; x_wconf 93' lang='lat' dir='ltr'><em>est</em></span> <span class='ocrx_word' id='word_1_14' title='bbox 1306 366 1553 428; x_wconf 78' lang='lat' dir='ltr'><em>judicium</em></span> <span class='ocrx_word' id='word_1_15' title='bbox 1592 384 1720 417; x_wconf 64' lang='lat' dir='ltr'><em>secr.</em></span> <span class='ocrx_word' id='word_1_16' title='bbox 1743 383 1813 417; x_wconf 88' lang='lat'>111.</span> 
     </span>
     <span class='ocr_line' id='line_1_4' title="bbox 165 436 1800 508; baseline -0.003 -16"><span class='ocrx_word' id='word_1_17' title='bbox 165 443 217 492; x_wconf 84' lang='lat' dir='ltr'><em>in</em></span> <span class='ocrx_word' id='word_1_18' title='bbox 227 441 492 508; x_wconf 71' lang='lat' dir='ltr'><em>gressibus</em></span> <span class='ocrx_word' id='word_1_19' title='bbox 507 458 688 490; x_wconf 88' lang='lat' dir='ltr'><em>eorum.</em></span> <span class='ocrx_word' id='word_1_20' title='bbox 709 442 945 490; x_wconf 81' lang='lat' dir='ltr'><em>Michaeas</em></span> <span class='ocrx_word' id='word_1_21' title='bbox 959 458 1004 489; x_wconf 88' lang='lat' dir='ltr'><em>v.</em></span> <span class='ocrx_word' id='word_1_22' title='bbox 1014 448 1062 500; x_wconf 87' lang='lat'><em>4,</em></span> <span class='ocrx_word' id='word_1_23' title='bbox 1074 447 1100 489; x_wconf 91' lang='lat'>5</span> <span class='ocrx_word' id='word_1_24' title='bbox 1114 462 1125 496; x_wconf 91' lang='lat'>;</span> <span class='ocrx_word' id='word_1_25' title='bbox 1140 441 1345 504; x_wconf 85' lang='lat' dir='ltr'><em>loquens</em></span> <span class='ocrx_word' id='word_1_26' title='bbox 1355 441 1415 488; x_wconf 91' lang='lat' dir='ltr'><em>de</em></span> <span class='ocrx_word' id='word_1_27' title='bbox 1426 441 1555 489; x_wconf 85' lang='lat' dir='ltr'><em>Mes·</em></span> <span class='ocrx_word' id='word_1_28' title='bbox 1610 436 1800 506; x_wconf 33' lang='grc' dir='ltr'><em>,ζῇ-θ</em></span> 
     </span>
     <span class='ocr_line' id='line_1_5' title="bbox 165 516 1554 583; baseline -0.004 -15"><span class='ocrx_word' id='word_1_29' title='bbox 165 519 239 568; x_wconf 86' lang='lat' dir='ltr'><em>sia</em></span> <span class='ocrx_word' id='word_1_30' title='bbox 255 519 324 567; x_wconf 85' lang='lat' dir='ltr'><em>sic</em></span> <span class='ocrx_word' id='word_1_31' title='bbox 347 519 417 567; x_wconf 77' lang='lat' dir='ltr'><em>ait</em></span> <span class='ocrx_word' id='word_1_32' title='bbox 436 539 449 574; x_wconf 92' lang='lat'>;</span> <span class='ocrx_word' id='word_1_33' title='bbox 475 517 646 583; x_wconf 79' lang='lat' dir='ltr'><em>Stabit</em></span> <span class='ocrx_word' id='word_1_34' title='bbox 669 524 719 566; x_wconf 89' lang='lat' dir='ltr'><em>et</em></span> <span class='ocrx_word' id='word_1_35' title='bbox 726 524 911 582; x_wconf 78' lang='lat' dir='ltr'><em>pascet</em></span> <span class='ocrx_word' id='word_1_36' title='bbox 930 516 1309 582; x_wconf 80' lang='lat' dir='ltr'><em>infortitudine</em></span> <span class='ocrx_word' id='word_1_37' title='bbox 1332 516 1554 573; x_wconf 81' lang='lat' dir='ltr'><em>Domini,</em></span> 
     </span>
    </p>

    <p class='ocr_par' dir='ltr' id='par_1_4' title="bbox 165 591 1555 659">
     <span class='ocr_line' id='line_1_6' title="bbox 165 591 1555 659; baseline -0.004 -16"><span class='ocrx_word' id='word_1_38' title='bbox 165 601 260 644; x_wconf 84' lang='lat' dir='ltr'><em>etc.</em></span> <span class='ocrx_word' id='word_1_39' title='bbox 285 594 406 659; x_wconf 85' lang='lat' dir='ltr'><em>quia</em></span> <span class='ocrx_word' id='word_1_40' title='bbox 429 593 837 659; x_wconf 71' lang='lat' dir='ltr'><em>magnificabitur</em></span> <span class='ocrx_word' id='word_1_41' title='bbox 855 610 1010 658; x_wconf 82' lang='lat' dir='ltr'><em>usque</em></span> <span class='ocrx_word' id='word_1_42' title='bbox 1034 592 1107 640; x_wconf 88' lang='lat' dir='ltr'><em>ad</em></span> <span class='ocrx_word' id='word_1_43' title='bbox 1123 591 1361 640; x_wconf 88' lang='lat' dir='ltr'><em>terminos</em></span> <span class='ocrx_word' id='word_1_44' title='bbox 1387 597 1555 650; x_wconf 81' lang='lat' dir='ltr'><em>terroe,</em></span> 
     </span>
    </p>

    <p class='ocr_par' dir='ltr' id='par_1_5' title="bbox 165 666 1550 734">
     <span class='ocr_line' id='line_1_7' title="bbox 165 666 1550 734; baseline -0.005 -14"><span class='ocrx_word' id='word_1_45' title='bbox 165 677 217 720; x_wconf 90' lang='lat' dir='ltr'><em>et</em></span> <span class='ocrx_word' id='word_1_46' title='bbox 238 671 341 719; x_wconf 91' lang='lat' dir='ltr'><em>erit</em></span> <span class='ocrx_word' id='word_1_47' title='bbox 363 671 460 718; x_wconf 86' lang='lat' dir='ltr'><em>iste</em></span> <span class='ocrx_word' id='word_1_48' title='bbox 475 686 605 734; x_wconf 69' lang='lat' dir='ltr'><em>pasc.</em></span> <span class='ocrx_word' id='word_1_49' title='bbox 631 670 771 718; x_wconf 85' lang='lat' dir='ltr'><em>Prov.</em></span> <span class='ocrx_word' id='word_1_50' title='bbox 790 669 858 718; x_wconf 89' lang='lat' dir='ltr'><em>iii.</em></span> <span class='ocrx_word' id='word_1_51' title='bbox 885 675 926 729; x_wconf 93' lang='lat' dir='ltr'><em>l,</em></span> <span class='ocrx_word' id='word_1_52' title='bbox 942 676 971 718; x_wconf 86' lang='lat'>2</span> <span class='ocrx_word' id='word_1_53' title='bbox 991 690 1003 725; x_wconf 94' lang='lat'>;</span> <span class='ocrx_word' id='word_1_54' title='bbox 1038 667 1145 716; x_wconf 88' lang='lat' dir='ltr'><em>Fili</em></span> <span class='ocrx_word' id='word_1_55' title='bbox 1165 667 1247 725; x_wconf 87' lang='lat' dir='ltr'><em>mi,</em></span> <span class='ocrx_word' id='word_1_56' title='bbox 1272 684 1333 715; x_wconf 87' lang='lat' dir='ltr'><em>ne</em></span> <span class='ocrx_word' id='word_1_57' title='bbox 1353 666 1550 714; x_wconf 83' lang='lat' dir='ltr'><em>oblivis-</em></span> 
     </span>
    </p>

    <p class='ocr_par' dir='ltr' id='par_1_6' title="bbox 166 745 1558 887">
     <span class='ocr_line' id='line_1_8' title="bbox 167 745 1558 812; baseline -0.004 -17"><span class='ocrx_word' id='word_1_58' title='bbox 167 747 309 796; x_wconf 86' lang='lat' dir='ltr'><em>caris</em></span> <span class='ocrx_word' id='word_1_59' title='bbox 345 745 479 812; x_wconf 84' lang='lat' dir='ltr'><em>legis</em></span> <span class='ocrx_word' id='word_1_60' title='bbox 524 763 640 795; x_wconf 82' lang='lat' dir='ltr'><em>meoe</em></span> <span class='ocrx_word' id='word_1_61' title='bbox 654 765 673 801; x_wconf 90' lang='lat'><em>;</em></span> <span class='ocrx_word' id='word_1_62' title='bbox 737 752 788 795; x_wconf 94' lang='lat' dir='ltr'><em>et</em></span> <span class='ocrx_word' id='word_1_63' title='bbox 824 751 1093 810; x_wconf 64' lang='lat' dir='ltr'><em>praecepta</em></span> <span class='ocrx_word' id='word_1_64' title='bbox 1128 760 1238 792; x_wconf 85' lang='lat' dir='ltr'><em>mea</em></span> <span class='ocrx_word' id='word_1_65' title='bbox 1286 759 1375 791; x_wconf 91' lang='lat' dir='ltr'><em>cor</em></span> <span class='ocrx_word' id='word_1_66' title='bbox 1423 748 1558 790; x_wconf 86' lang='lat' dir='ltr'><em>tuum</em></span> 
     </span>
     <span class='ocr_line' id='line_1_9' title="bbox 166 820 1558 887; baseline -0.004 -16"><span class='ocrx_word' id='word_1_67' title='bbox 166 822 457 878; x_wconf 84' lang='lat' dir='ltr'><em>custodiat;</em></span> <span class='ocrx_word' id='word_1_68' title='bbox 493 821 859 887; x_wconf 78' lang='lat' dir='ltr'><em>longitudinem</em></span> <span class='ocrx_word' id='word_1_69' title='bbox 898 821 1025 869; x_wconf 87' lang='lat' dir='ltr'><em>enim</em></span> <span class='ocrx_word' id='word_1_70' title='bbox 1062 820 1271 879; x_wconf 87' lang='lat' dir='ltr'><em>dierum,</em></span> <span class='ocrx_word' id='word_1_71' title='bbox 1309 825 1359 867; x_wconf 91' lang='lat' dir='ltr'><em>et</em></span> <span class='ocrx_word' id='word_1_72' title='bbox 1400 835 1558 866; x_wconf 86' lang='lat' dir='ltr'><em>annos</em></span> 
     </span>
    </p>

    <p class='ocr_par' dir='ltr' id='par_1_7' title="bbox 164 897 1499 964">
     <span class='ocr_line' id='line_1_10' title="bbox 164 897 1499 964; baseline -0.002 -16"><span class='ocrx_word' id='word_1_73' title='bbox 164 899 294 958; x_wconf 62' lang='lat' dir='ltr'><em>vitas,</em></span> <span class='ocrx_word' id='word_1_74' title='bbox 312 906 363 947; x_wconf 92' lang='lat' dir='ltr'><em>et</em></span> <span class='ocrx_word' id='word_1_75' title='bbox 380 915 559 964; x_wconf 84' lang='lat' dir='ltr'><em>pacem</em></span> <span class='ocrx_word' id='word_1_76' title='bbox 583 905 838 963; x_wconf 76' lang='lat' dir='ltr'><em>apponent</em></span> <span class='ocrx_word' id='word_1_77' title='bbox 862 897 971 946; x_wconf 89' lang='lat' dir='ltr'><em>tibi.</em></span> <span class='ocrx_word' id='word_1_78' title='bbox 1495 907 1499 911; x_wconf 87' lang='grc'><strong>“</strong></span> 
     </span>
    </p>

    <p class='ocr_par' dir='ltr' id='par_1_8' title="bbox 232 970 1788 1051">
     <span class='ocr_line' id='line_1_11' title="bbox 232 970 1788 1051; baseline -0.004 -28"><span class='ocrx_word' id='word_1_79' title='bbox 232 981 283 1023; x_wconf 92' lang='grc'><em>4.</em></span> <span class='ocrx_word' id='word_1_80' title='bbox 322 974 470 1024; x_wconf 77' lang='lat' dir='ltr'><em>Quod</em></span> <span class='ocrx_word' id='word_1_81' title='bbox 493 974 674 1023; x_wconf 81' lang='lat' dir='ltr'><em>attinet</em></span> <span class='ocrx_word' id='word_1_82' title='bbox 697 974 761 1022; x_wconf 89' lang='lat' dir='ltr'><em>ad</em></span> <span class='ocrx_word' id='word_1_83' title='bbox 778 974 938 1037; x_wconf 83' lang='lat' dir='ltr'><em>legem</em></span> <span class='ocrx_word' id='word_1_84' title='bbox 961 973 1187 1037; x_wconf 84' lang='lat' dir='ltr'><em>primam,</em></span> <span class='ocrx_word' id='word_1_85' title='bbox 1212 972 1273 1020; x_wconf 91' lang='lat' dir='ltr'><em>de</em></span> <span class='ocrx_word' id='word_1_86' title='bbox 1295 970 1560 1020; x_wconf 85' lang='lat' dir='ltr'><em>communi-</em></span> <span class='ocrx_word' id='word_1_87' title='bbox 1577 977 1788 1051; x_wconf 58' lang='lat' dir='ltr'><em>11te311mrimaefi</em></span> 
     </span>
    </p>

    <p class='ocr_par' dir='ltr' id='par_1_9' title="bbox 167 1025 1836 1859">
     <span class='ocr_line' id='line_1_12' title="bbox 168 1025 1836 1115; baseline -0.004 -16"><span class='ocrx_word' id='word_1_88' title='bbox 168 1057 276 1100; x_wconf 88' lang='lat' dir='ltr'><em>tate</em></span> <span class='ocrx_word' id='word_1_89' title='bbox 291 1050 500 1099; x_wconf 88' lang='lat' dir='ltr'><em>omnium</em></span> <span class='ocrx_word' id='word_1_90' title='bbox 515 1067 681 1098; x_wconf 84' lang='lat' dir='ltr'><em>rerum</em></span> <span class='ocrx_word' id='word_1_91' title='bbox 699 1049 963 1109; x_wconf 83' lang='lat' dir='ltr'><em>abolenda,</em></span> <span class='ocrx_word' id='word_1_92' title='bbox 983 1049 1083 1097; x_wconf 86' lang='lat' dir='ltr'><em>sive</em></span> <span class='ocrx_word' id='word_1_93' title='bbox 1108 1049 1168 1096; x_wconf 91' lang='lat' dir='ltr'><em>de</em></span> <span class='ocrx_word' id='word_1_94' title='bbox 1193 1047 1560 1096; x_wconf 83' lang='lat' dir='ltr'><em>introductione</em></span> <span class='ocrx_word' id='word_1_95' title='bbox 1579 1025 1836 1115; x_wconf 50' lang='lat' dir='ltr'><em>‹iffipffiffltz&#39;oe</em></span> 
     </span>
     <span class='ocr_line' id='line_1_13' title="bbox 167 1117 1821 1189; baseline -0.003 -14"><span class='ocrx_word' id='word_1_96' title='bbox 167 1127 264 1175; x_wconf 88' lang='lat' dir='ltr'><em>mei</em></span> <span class='ocrx_word' id='word_1_97' title='bbox 299 1135 350 1175; x_wconf 89' lang='lat' dir='ltr'><em>et</em></span> <span class='ocrx_word' id='word_1_98' title='bbox 387 1126 476 1186; x_wconf 92' lang='lat' dir='ltr'><em>tui,</em></span> <span class='ocrx_word' id='word_1_99' title='bbox 516 1127 752 1175; x_wconf 82' lang='lat' dir='ltr'><em>habemus</em></span> <span class='ocrx_word' id='word_1_100' title='bbox 797 1126 1025 1189; x_wconf 89' lang='lat' dir='ltr'><em>primum,</em></span> <span class='ocrx_word' id='word_1_101' title='bbox 1069 1142 1216 1189; x_wconf 91' lang='lat' dir='ltr'><em>quam</em></span> <span class='ocrx_word' id='word_1_102' title='bbox 1254 1124 1461 1173; x_wconf 85' lang='lat' dir='ltr'><em>adversa</em></span> <span class='ocrx_word' id='word_1_103' title='bbox 1498 1124 1562 1171; x_wconf 84' lang='lat' dir='ltr'><em>sit</em></span> <span class='ocrx_word' id='word_1_104' title='bbox 1579 1117 1821 1183; x_wconf 49' lang='grc' dir='ltr'><em>ξζζᾞζῗαῖθωω</em></span> 
     </span>
     <span class='ocr_line' id='line_1_14' title="bbox 167 1200 1562 1268; baseline -0.003 -17"><span class='ocrx_word' id='word_1_105' title='bbox 167 1203 280 1268; x_wconf 86' lang='lat' dir='ltr'><em>paci</em></span> <span class='ocrx_word' id='word_1_106' title='bbox 298 1202 621 1251; x_wconf 82' lang='lat' dir='ltr'><em>communitas</em></span> <span class='ocrx_word' id='word_1_107' title='bbox 639 1202 738 1260; x_wconf 87' lang='lat' dir='ltr'><em>illa,</em></span> <span class='ocrx_word' id='word_1_108' title='bbox 749 1218 808 1249; x_wconf 85' lang='lat' dir='ltr'><em>ex</em></span> <span class='ocrx_word' id='word_1_109' title='bbox 824 1201 986 1249; x_wconf 84' lang='lat' dir='ltr'><em>verbis</em></span> <span class='ocrx_word' id='word_1_110' title='bbox 1001 1201 1269 1249; x_wconf 89' lang='lat' dir='ltr'><em>Abrahami</em></span> <span class='ocrx_word' id='word_1_111' title='bbox 1288 1200 1352 1248; x_wconf 92' lang='lat' dir='ltr'><em>ad</em></span> <span class='ocrx_word' id='word_1_112' title='bbox 1367 1201 1562 1258; x_wconf 87' lang='lat' dir='ltr'><em>Lotum,</em></span> 
     </span>
     <span class='ocr_line' id='line_1_15' title="bbox 169 1277 1564 1342; baseline -0.003 -15"><span class='ocrx_word' id='word_1_113' title='bbox 169 1279 291 1328; x_wconf 91' lang='lat' dir='ltr'><em>Gen.</em></span> <span class='ocrx_word' id='word_1_114' title='bbox 309 1278 468 1338; x_wconf 85' lang='lat' dir='ltr'><em>xiii.8,</em></span> <span class='ocrx_word' id='word_1_115' title='bbox 486 1284 517 1325; x_wconf 91' lang='lat'>9</span> <span class='ocrx_word' id='word_1_116' title='bbox 539 1299 550 1333; x_wconf 84' lang='lat'><em>3</em></span> <span class='ocrx_word' id='word_1_117' title='bbox 579 1278 635 1325; x_wconf 91' lang='lat' dir='ltr'><em>N</em></span> <span class='ocrx_word' id='word_1_118' title='bbox 633 1295 660 1325; x_wconf 90' lang='lat' dir='ltr'><em>e</em></span> <span class='ocrx_word' id='word_1_119' title='bbox 677 1294 843 1342; x_wconf 79' lang='lat' dir='ltr'><em>quoeso</em></span> <span class='ocrx_word' id='word_1_120' title='bbox 863 1278 933 1324; x_wconf 88' lang='lat' dir='ltr'><em>sit</em></span> <span class='ocrx_word' id='word_1_121' title='bbox 936 1277 1171 1342; x_wconf 83' lang='lat' dir='ltr'><em>jurgium</em></span> <span class='ocrx_word' id='word_1_122' title='bbox 1190 1278 1320 1324; x_wconf 86' lang='lat' dir='ltr'><em>inter</em></span> <span class='ocrx_word' id='word_1_123' title='bbox 1337 1293 1410 1324; x_wconf 86' lang='lat' dir='ltr'><em>me</em></span> <span class='ocrx_word' id='word_1_124' title='bbox 1430 1282 1481 1323; x_wconf 88' lang='lat' dir='ltr'><em>et</em></span> <span class='ocrx_word' id='word_1_125' title='bbox 1499 1282 1564 1335; x_wconf 85' lang='lat' dir='ltr'><em>te,</em></span> 
     </span>
     <span class='ocr_line' id='line_1_16' title="bbox 169 1351 1566 1419; baseline -0.004 -15"><span class='ocrx_word' id='word_1_126' title='bbox 169 1362 221 1404; x_wconf 84' lang='lat' dir='ltr'><em>et</em></span> <span class='ocrx_word' id='word_1_127' title='bbox 261 1355 393 1403; x_wconf 87' lang='lat' dir='ltr'><em>inter</em></span> <span class='ocrx_word' id='word_1_128' title='bbox 419 1360 663 1419; x_wconf 78' lang='lat' dir='ltr'><em>pastores</em></span> <span class='ocrx_word' id='word_1_129' title='bbox 692 1370 822 1401; x_wconf 86' lang='lat' dir='ltr'><em>meos</em></span> <span class='ocrx_word' id='word_1_130' title='bbox 863 1359 914 1400; x_wconf 90' lang='lat' dir='ltr'><em>et</em></span> <span class='ocrx_word' id='word_1_131' title='bbox 949 1359 1188 1418; x_wconf 80' lang='lat' dir='ltr'><em>pastores</em></span> <span class='ocrx_word' id='word_1_132' title='bbox 1231 1359 1356 1400; x_wconf 88' lang='lat' dir='ltr'><em>tuos.</em></span> <span class='ocrx_word' id='word_1_133' title='bbox 1426 1351 1566 1398; x_wconf 88' lang='lat' dir='ltr'><em>Ecce</em></span> 
     </span>
     <span class='ocr_line' id='line_1_17' title="bbox 170 1426 1564 1487; baseline -0.004 -8"><span class='ocrx_word' id='word_1_134' title='bbox 170 1430 403 1479; x_wconf 86' lang='lat' dir='ltr'><em>universa</em></span> <span class='ocrx_word' id='word_1_135' title='bbox 428 1437 572 1478; x_wconf 87' lang='lat' dir='ltr'><em>terra</em></span> <span class='ocrx_word' id='word_1_136' title='bbox 601 1436 677 1477; x_wconf 87' lang='lat' dir='ltr'><em>est</em></span> <span class='ocrx_word' id='word_1_137' title='bbox 702 1445 870 1477; x_wconf 88' lang='lat' dir='ltr'><em>coram</em></span> <span class='ocrx_word' id='word_1_138' title='bbox 895 1434 959 1487; x_wconf 89' lang='lat' dir='ltr'><em>te,</em></span> <span class='ocrx_word' id='word_1_139' title='bbox 984 1428 1165 1475; x_wconf 78' lang='lat' dir='ltr'><em>recede</em></span> <span class='ocrx_word' id='word_1_140' title='bbox 1188 1444 1221 1475; x_wconf 91' lang='lat' dir='ltr'><em>a</em></span> <span class='ocrx_word' id='word_1_141' title='bbox 1246 1444 1319 1474; x_wconf 91' lang='lat' dir='ltr'><em>me</em></span> <span class='ocrx_word' id='word_1_142' title='bbox 1343 1426 1564 1474; x_wconf 86' lang='lat' dir='ltr'><em>obsecro.</em></span> 
     </span>
     <span class='ocr_line' id='line_1_18' title="bbox 170 1502 1568 1570; baseline -0.004 -16"><span class='ocrx_word' id='word_1_143' title='bbox 170 1507 236 1554; x_wconf 90' lang='lat' dir='ltr'><em>Et</em></span> <span class='ocrx_word' id='word_1_144' title='bbox 251 1506 411 1570; x_wconf 84' lang='lat' dir='ltr'><em>legem</em></span> <span class='ocrx_word' id='word_1_145' title='bbox 435 1505 495 1553; x_wconf 88' lang='lat' dir='ltr'><em>de</em></span> <span class='ocrx_word' id='word_1_146' title='bbox 521 1505 835 1553; x_wconf 83' lang='lat' dir='ltr'><em>distinctione</em></span> <span class='ocrx_word' id='word_1_147' title='bbox 853 1503 1015 1552; x_wconf 81' lang='lat' dir='ltr'><em>nostri</em></span> <span class='ocrx_word' id='word_1_148' title='bbox 1035 1511 1085 1550; x_wconf 88' lang='lat' dir='ltr'><em>et</em></span> <span class='ocrx_word' id='word_1_149' title='bbox 1101 1502 1256 1550; x_wconf 83' lang='lat' dir='ltr'><em>alieni</em></span> <span class='ocrx_word' id='word_1_150' title='bbox 1274 1503 1568 1550; x_wconf 86' lang='lat' dir='ltr'><em>confirmant</em></span> 
     </span>
     <span class='ocr_line' id='line_1_19' title="bbox 172 1578 1566 1644; baseline -0.004 -13"><span class='ocrx_word' id='word_1_151' title='bbox 172 1582 338 1631; x_wconf 89' lang='lat' dir='ltr'><em>omnia</em></span> <span class='ocrx_word' id='word_1_152' title='bbox 381 1582 465 1630; x_wconf 90' lang='lat' dir='ltr'><em>illa</em></span> <span class='ocrx_word' id='word_1_153' title='bbox 502 1581 769 1644; x_wconf 83' lang='lat' dir='ltr'><em>Scripturae</em></span> <span class='ocrx_word' id='word_1_154' title='bbox 813 1596 965 1627; x_wconf 87' lang='lat' dir='ltr'><em>sacrae</em></span> <span class='ocrx_word' id='word_1_155' title='bbox 1005 1579 1129 1638; x_wconf 88' lang='lat' dir='ltr'><em>loca,</em></span> <span class='ocrx_word' id='word_1_156' title='bbox 1168 1579 1341 1641; x_wconf 87' lang='lat' dir='ltr'><em>quibus</em></span> <span class='ocrx_word' id='word_1_157' title='bbox 1378 1578 1566 1626; x_wconf 86' lang='lat' dir='ltr'><em>invasio</em></span> 
     </span>
     <span class='ocr_line' id='line_1_20' title="bbox 170 1654 1567 1721; baseline -0.004 -14"><span class='ocrx_word' id='word_1_158' title='bbox 170 1659 224 1706; x_wconf 90' lang='lat' dir='ltr'><em>in</em></span> <span class='ocrx_word' id='word_1_159' title='bbox 258 1658 471 1706; x_wconf 83' lang='lat' dir='ltr'><em>alienum</em></span> <span class='ocrx_word' id='word_1_160' title='bbox 506 1657 811 1721; x_wconf 80' lang='lat' dir='ltr'><em>prohibetur,</em></span> <span class='ocrx_word' id='word_1_161' title='bbox 843 1662 915 1714; x_wconf 90' lang='lat' dir='ltr'><em>ut,</em></span> <span class='ocrx_word' id='word_1_162' title='bbox 952 1672 1046 1702; x_wconf 90' lang='lat' dir='ltr'><em>non</em></span> <span class='ocrx_word' id='word_1_163' title='bbox 1083 1654 1299 1714; x_wconf 87' lang='lat' dir='ltr'><em>occides,</em></span> <span class='ocrx_word' id='word_1_164' title='bbox 1324 1670 1419 1702; x_wconf 88' lang='lat' dir='ltr'><em>non</em></span> <span class='ocrx_word' id='word_1_165' title='bbox 1437 1654 1567 1718; x_wconf 87' lang='lat' dir='ltr'><em>fur-</em></span> 
     </span>
     <span class='ocr_line' id='line_1_21' title="bbox 174 1731 1566 1794; baseline -0.004 -12"><span class='ocrx_word' id='word_1_166' title='bbox 174 1733 360 1792; x_wconf 70' lang='lat' dir='ltr'><em>aberis’,</em></span> <span class='ocrx_word' id='word_1_167' title='bbox 401 1749 496 1781; x_wconf 89' lang='lat' dir='ltr'><em>non</em></span> <span class='ocrx_word' id='word_1_168' title='bbox 536 1731 879 1780; x_wconf 80' lang='lat' dir='ltr'><em>moechaberis.</em></span> <span class='ocrx_word' id='word_1_169' title='bbox 973 1731 1267 1794; x_wconf 86' lang='lat' dir='ltr'><em>Supponunt</em></span> <span class='ocrx_word' id='word_1_170' title='bbox 1312 1731 1444 1778; x_wconf 89' lang='lat' dir='ltr'><em>enim</em></span> <span class='ocrx_word' id='word_1_171' title='bbox 1485 1731 1566 1793; x_wconf 84' lang='lat' dir='ltr'><em>jus</em></span> 
     </span>
     <span class='ocr_line' id='line_1_22' title="bbox 175 1807 1074 1859; baseline -0.006 -1"><span class='ocrx_word' id='word_1_172' title='bbox 175 1810 394 1859; x_wconf 86' lang='lat' dir='ltr'><em>omnium</em></span> <span class='ocrx_word' id='word_1_173' title='bbox 417 1808 469 1856; x_wconf 91' lang='lat' dir='ltr'><em>in</em></span> <span class='ocrx_word' id='word_1_174' title='bbox 495 1808 660 1855; x_wconf 88' lang='lat' dir='ltr'><em>omnia</em></span> <span class='ocrx_word' id='word_1_175' title='bbox 683 1807 930 1855; x_wconf 86' lang='lat' dir='ltr'><em>sublatum</em></span> <span class='ocrx_word' id='word_1_176' title='bbox 955 1822 1074 1854; x_wconf 83' lang='lat' dir='ltr'><em>esse.</em></span> 
     </span>
    </p>

    <p class='ocr_par' dir='ltr' id='par_1_10' title="bbox 244 1882 1824 1947">
     <span class='ocr_line' id='line_1_23' title="bbox 244 1882 1824 1947; baseline -0.004 -13"><span class='ocrx_word' id='word_1_177' title='bbox 244 1892 289 1934; x_wconf 90' lang='lat'><em>5.</em></span> <span class='ocrx_word' id='word_1_178' title='bbox 324 1884 510 1933; x_wconf 90' lang='lat' dir='ltr'><em>Eadem</em></span> <span class='ocrx_word' id='word_1_179' title='bbox 531 1894 781 1947; x_wconf 81' lang='lat' dir='ltr'><em>praecepta</em></span> <span class='ocrx_word' id='word_1_180' title='bbox 815 1882 1069 1930; x_wconf 87' lang='lat' dir='ltr'><em>stabiliunt</em></span> <span class='ocrx_word' id='word_1_181' title='bbox 1109 1882 1269 1945; x_wconf 84' lang='lat' dir='ltr'><em>legem</em></span> <span class='ocrx_word' id='word_1_182' title='bbox 1292 1882 1567 1931; x_wconf 82' lang='lat' dir='ltr'><em>naturalem</em></span> <span class='ocrx_word' id='word_1_183' title='bbox 1586 1892 1671 1942; x_wconf 63' lang='lat' dir='ltr'><em>Itefm</em></span> <span class='ocrx_word' id='word_1_184' title='bbox 1684 1891 1824 1941; x_wconf 36' lang='lat' dir='ltr'><em>secum-1⁸0</em></span> 
     </span>
    </p>

    <p class='ocr_par' dir='ltr' id='par_1_11' title="bbox 175 1934 1856 2542">
     <span class='ocr_line' id='line_1_24' title="bbox 177 1934 1856 2021; baseline -0.003 -11"><span class='ocrx_word' id='word_1_185' title='bbox 177 1960 444 2010; x_wconf 87' lang='lat' dir='ltr'><em>secundam</em></span> <span class='ocrx_word' id='word_1_186' title='bbox 467 1959 528 2007; x_wconf 91' lang='lat' dir='ltr'><em>de</em></span> <span class='ocrx_word' id='word_1_187' title='bbox 553 1959 807 2006; x_wconf 80' lang='lat' dir='ltr'><em>servanda</em></span> <span class='ocrx_word' id='word_1_188' title='bbox 817 1959 947 2021; x_wconf 78' lang='lat' dir='ltr'><em>fide.</em></span> <span class='ocrx_word' id='word_1_189' title='bbox 1006 1958 1141 2008; x_wconf 77' lang='lat' dir='ltr'><em>Quid</em></span> <span class='ocrx_word' id='word_1_190' title='bbox 1165 1959 1295 2006; x_wconf 90' lang='lat' dir='ltr'><em>enim</em></span> <span class='ocrx_word' id='word_1_191' title='bbox 1319 1959 1452 2007; x_wconf 89' lang='lat' dir='ltr'><em>aliud</em></span> <span class='ocrx_word' id='word_1_192' title='bbox 1476 1966 1566 2018; x_wconf 86' lang='lat' dir='ltr'><em>est,</em></span> <span class='ocrx_word' id='word_1_193' title='bbox 1583 1934 1856 2008; x_wconf 55' lang='grc' dir='ltr'><em>ᾎῗξιῗιῗὲἔῗῖῗᾶω</em></span> 
     </span>
     <span class='ocr_line' id='line_1_25' title="bbox 177 2035 1567 2098; baseline -0.003 -12"><span class='ocrx_word' id='word_1_194' title='bbox 177 2055 273 2086; x_wconf 87' lang='lat' dir='ltr'><em>non</em></span> <span class='ocrx_word' id='word_1_195' title='bbox 310 2035 517 2084; x_wconf 78' lang='lat' dir='ltr'><em>invades</em></span> <span class='ocrx_word' id='word_1_196' title='bbox 542 2036 593 2083; x_wconf 87' lang='lat' dir='ltr'><em>in</em></span> <span class='ocrx_word' id='word_1_197' title='bbox 629 2035 860 2091; x_wconf 80' lang='lat' dir='ltr'><em>alienum,</em></span> <span class='ocrx_word' id='word_1_198' title='bbox 887 2051 1034 2098; x_wconf 89' lang='lat' dir='ltr'><em>quam</em></span> <span class='ocrx_word' id='word_1_199' title='bbox 1069 2052 1163 2082; x_wconf 88' lang='lat' dir='ltr'><em>non</em></span> <span class='ocrx_word' id='word_1_200' title='bbox 1189 2035 1394 2082; x_wconf 79' lang='lat' dir='ltr'><em>invades</em></span> <span class='ocrx_word' id='word_1_201' title='bbox 1420 2035 1470 2082; x_wconf 83' lang='lat' dir='ltr'><em>in</em></span> <span class='ocrx_word' id='word_1_202' title='bbox 1498 2035 1567 2094; x_wconf 86' lang='lat' dir='ltr'><em>id,</em></span> 
     </span>
     <span class='ocr_line' id='line_1_26' title="bbox 177 2111 1569 2179; baseline -0.002 -18"><span class='ocrx_word' id='word_1_203' title='bbox 177 2113 315 2179; x_wconf 82' lang='lat' dir='ltr'><em>quod</em></span> <span class='ocrx_word' id='word_1_204' title='bbox 326 2119 486 2177; x_wconf 79' lang='lat' dir='ltr'><em>pacto</em></span> <span class='ocrx_word' id='word_1_205' title='bbox 513 2118 595 2159; x_wconf 83' lang='lat' dir='ltr'><em>tuo</em></span> <span class='ocrx_word' id='word_1_206' title='bbox 621 2118 752 2159; x_wconf 89' lang='lat' dir='ltr'><em>tuum</em></span> <span class='ocrx_word' id='word_1_207' title='bbox 778 2128 887 2158; x_wconf 88' lang='lat' dir='ltr'><em>esse</em></span> <span class='ocrx_word' id='word_1_208' title='bbox 917 2111 1086 2158; x_wconf 86' lang='lat' dir='ltr'><em>desiit.</em></span> <span class='ocrx_word' id='word_1_209' title='bbox 1134 2111 1374 2174; x_wconf 82' lang='lat' dir='ltr'><em>Expresse</em></span> <span class='ocrx_word' id='word_1_210' title='bbox 1390 2119 1569 2168; x_wconf 88' lang='lat' dir='ltr'><em>autem,</em></span> 
     </span>
     <span class='ocr_line' id='line_1_27' title="bbox 178 2187 1573 2251; baseline -0.004 -12"><span class='ocrx_word' id='word_1_211' title='bbox 178 2189 340 2239; x_wconf 88' lang='lat' dir='ltr'><em>Psalm</em></span> <span class='ocrx_word' id='word_1_212' title='bbox 362 2188 567 2236; x_wconf 87' lang='lat' dir='ltr'><em>xiv.ver.</em></span> <span class='ocrx_word' id='word_1_213' title='bbox 588 2194 633 2247; x_wconf 90' lang='lat'><em>5,</em></span> <span class='ocrx_word' id='word_1_214' title='bbox 651 2187 904 2251; x_wconf 78' lang='lat' dir='ltr'><em>quaerenti,</em></span> <span class='ocrx_word' id='word_1_215' title='bbox 929 2187 1156 2245; x_wconf 85' lang='lat' dir='ltr'><em>Domine,</em></span> <span class='ocrx_word' id='word_1_216' title='bbox 1182 2187 1296 2251; x_wconf 80' lang='lat' dir='ltr'><em>quis</em></span> <span class='ocrx_word' id='word_1_217' title='bbox 1320 2187 1573 2235; x_wconf 79' lang='lat' dir='ltr'><em>habitabit</em></span> 
     </span>
     <span class='ocr_line' id='line_1_28' title="bbox 180 2263 1573 2328; baseline -0.002 -14"><span class='ocrx_word' id='word_1_218' title='bbox 180 2266 234 2314; x_wconf 87' lang='lat' dir='ltr'><em>in</em></span> <span class='ocrx_word' id='word_1_219' title='bbox 282 2263 609 2313; x_wconf 87' lang='lat' dir='ltr'><em>tabernaculo</em></span> <span class='ocrx_word' id='word_1_220' title='bbox 657 2270 739 2311; x_wconf 88' lang='lat' dir='ltr'><em>tuo</em></span> <span class='ocrx_word' id='word_1_221' title='bbox 759 2267 787 2312; x_wconf 71' lang='lat'><em>‚2</em></span> <span class='ocrx_word' id='word_1_222' title='bbox 831 2279 1120 2327; x_wconf 85' lang='lat' dir='ltr'><em>responsum</em></span> <span class='ocrx_word' id='word_1_223' title='bbox 1167 2271 1255 2322; x_wconf 83' lang='lat' dir='ltr'><em>est,</em></span> <span class='ocrx_word' id='word_1_224' title='bbox 1303 2263 1391 2328; x_wconf 84' lang='lat' dir='ltr'><em>qui</em></span> <span class='ocrx_word' id='word_1_225' title='bbox 1419 2264 1573 2325; x_wconf 83' lang='lat' dir='ltr'><em>jurat</em></span> 
     </span>
     <span class='ocr_line' id='line_1_29' title="bbox 175 2338 1571 2406; baseline -0.001 -18"><span class='ocrx_word' id='word_1_226' title='bbox 175 2340 408 2406; x_wconf 69' lang='lat' dir='ltr'><em>proximo</em></span> <span class='ocrx_word' id='word_1_227' title='bbox 432 2354 538 2396; x_wconf 86' lang='lat' dir='ltr'><em>suo,</em></span> <span class='ocrx_word' id='word_1_228' title='bbox 557 2346 606 2386; x_wconf 87' lang='lat' dir='ltr'><em>ct</em></span> <span class='ocrx_word' id='word_1_229' title='bbox 631 2356 725 2386; x_wconf 86' lang='lat' dir='ltr'><em>non</em></span> <span class='ocrx_word' id='word_1_230' title='bbox 751 2338 959 2403; x_wconf 76' lang='lat' dir='ltr'><em>decipit.</em></span> <span class='ocrx_word' id='word_1_231' title='bbox 1027 2339 1092 2386; x_wconf 92' lang='lat' dir='ltr'><em>Et</em></span> <span class='ocrx_word' id='word_1_232' title='bbox 1110 2339 1337 2386; x_wconf 85' lang='lat' dir='ltr'><em>Proverb.</em></span> <span class='ocrx_word' id='word_1_233' title='bbox 1357 2339 1421 2386; x_wconf 85' lang='lat' dir='ltr'><em>vi.</em></span> <span class='ocrx_word' id='word_1_234' title='bbox 1455 2345 1495 2398; x_wconf 93' lang='lat' dir='ltr'><em>l,</em></span> <span class='ocrx_word' id='word_1_235' title='bbox 1512 2346 1541 2387; x_wconf 83' lang='lat'><strong>2</strong></span> <span class='ocrx_word' id='word_1_236' title='bbox 1561 2358 1571 2386; x_wconf 93' lang='lat'>:</span> 
     </span>
     <span class='ocr_line' id='line_1_30' title="bbox 179 2415 1574 2479; baseline -0.002 -14"><span class='ocrx_word' id='word_1_237' title='bbox 179 2416 284 2465; x_wconf 84' lang='lat' dir='ltr'><em>Fili</em></span> <span class='ocrx_word' id='word_1_238' title='bbox 309 2416 389 2474; x_wconf 85' lang='lat' dir='ltr'><em>mi,</em></span> <span class='ocrx_word' id='word_1_239' title='bbox 409 2415 456 2463; x_wconf 83' lang='lat' dir='ltr'><em>si</em></span> <span class='ocrx_word' id='word_1_240' title='bbox 480 2415 817 2479; x_wconf 77' lang='lat' dir='ltr'><em>spoponderis</em></span> <span class='ocrx_word' id='word_1_241' title='bbox 832 2430 936 2479; x_wconf 78' lang='lat' dir='ltr'><em>pro</em></span> <span class='ocrx_word' id='word_1_242' title='bbox 956 2415 1114 2462; x_wconf 88' lang='lat' dir='ltr'><em>amico</em></span> <span class='ocrx_word' id='word_1_243' title='bbox 1141 2421 1240 2473; x_wconf 88' lang='lat' dir='ltr'><em>tuo,</em></span> <span class='ocrx_word' id='word_1_244' title='bbox 1266 2415 1574 2479; x_wconf 81' lang='lat' dir='ltr'><em>illaqueatus</em></span> 
     </span>
     <span class='ocr_line' id='line_1_31' title="bbox 181 2491 670 2542; baseline -0.008 0"><span class='ocrx_word' id='word_1_245' title='bbox 181 2510 236 2542; x_wconf 86' lang='lat' dir='ltr'><em>es</em></span> <span class='ocrx_word' id='word_1_246' title='bbox 259 2491 425 2540; x_wconf 81' lang='lat' dir='ltr'><em>verbis</em></span> <span class='ocrx_word' id='word_1_247' title='bbox 449 2491 555 2538; x_wconf 85' lang='lat' dir='ltr'><em>oris</em></span> <span class='ocrx_word' id='word_1_248' title='bbox 581 2492 670 2539; x_wconf 86' lang='lat' dir='ltr'><em>tui.</em></span> 
     </span>
    </p>

    <p class='ocr_par' dir='ltr' id='par_1_12' title="bbox 181 2567 1837 2858">
     <span class='ocr_line' id='line_1_32' title="bbox 249 2567 1783 2631; baseline -0.001 -15"><span class='ocrx_word' id='word_1_249' title='bbox 249 2575 296 2617; x_wconf 90' lang='lat'><em>6.</em></span> <span class='ocrx_word' id='word_1_250' title='bbox 332 2568 548 2616; x_wconf 88' lang='lat' dir='ltr'><em>Tertiam</em></span> <span class='ocrx_word' id='word_1_251' title='bbox 571 2568 746 2631; x_wconf 85' lang='lat' dir='ltr'><em>legem,</em></span> <span class='ocrx_word' id='word_1_252' title='bbox 767 2568 828 2615; x_wconf 92' lang='lat' dir='ltr'><em>de</em></span> <span class='ocrx_word' id='word_1_253' title='bbox 853 2568 1194 2631; x_wconf 74' lang='lat' dir='ltr'><em>gratitudine,</em></span> <span class='ocrx_word' id='word_1_254' title='bbox 1219 2574 1446 2615; x_wconf 85' lang='lat' dir='ltr'><em>asserunt</em></span> <span class='ocrx_word' id='word_1_255' title='bbox 1468 2567 1575 2615; x_wconf 84' lang='lat' dir='ltr'><em>haec</em></span> <span class='ocrx_word' id='word_1_256' title='bbox 1593 2585 1783 2619; x_wconf 56' lang='lat' dir='ltr'><em>nemmem</em></span> 
     </span>
     <span class='ocr_line' id='line_1_33' title="bbox 181 2628 1837 2711; baseline -0.004 -16"><span class='ocrx_word' id='word_1_257' title='bbox 181 2647 304 2695; x_wconf 84' lang='lat' dir='ltr'><em>loca.</em></span> <span class='ocrx_word' id='word_1_258' title='bbox 374 2645 521 2693; x_wconf 89' lang='lat' dir='ltr'><em>Deut.</em></span> <span class='ocrx_word' id='word_1_259' title='bbox 547 2661 658 2692; x_wconf 84' lang='lat' dir='ltr'><strong>xxv.</strong></span> <span class='ocrx_word' id='word_1_260' title='bbox 685 2650 748 2691; x_wconf 88' lang='lat'><em>4:</em></span> <span class='ocrx_word' id='word_1_261' title='bbox 786 2643 903 2691; x_wconf 93' lang='lat' dir='ltr'><em>Non</em></span> <span class='ocrx_word' id='word_1_262' title='bbox 941 2643 1200 2691; x_wconf 79' lang='lat' dir='ltr'><em>obturabis</em></span> <span class='ocrx_word' id='word_1_263' title='bbox 1233 2661 1288 2691; x_wconf 86' lang='lat' dir='ltr'><em>os</em></span> <span class='ocrx_word' id='word_1_264' title='bbox 1325 2643 1460 2691; x_wconf 79' lang='lat' dir='ltr'><em>bovis</em></span> <span class='ocrx_word' id='word_1_265' title='bbox 1486 2642 1576 2690; x_wconf 86' lang='lat' dir='ltr'><em>tri·</em></span> <span class='ocrx_word' id='word_1_266' title='bbox 1591 2628 1837 2711; x_wconf 50' lang='grc' dir='ltr'><em>ξὲξτζζξᾟζζῖ</em></span> 
     </span>
     <span class='ocr_line' id='line_1_34' title="bbox 184 2719 1576 2784; baseline -0.002 -15"><span class='ocrx_word' id='word_1_267' title='bbox 184 2721 421 2770; x_wconf 81' lang='lat' dir='ltr'><em>tarantis.</em></span> <span class='ocrx_word' id='word_1_268' title='bbox 492 2721 550 2768; x_wconf 93' lang='lat' dir='ltr'><em>Id</em></span> <span class='ocrx_word' id='word_1_269' title='bbox 591 2719 724 2784; x_wconf 92' lang='lat' dir='ltr'><em>quod</em></span> <span class='ocrx_word' id='word_1_270' title='bbox 761 2726 959 2767; x_wconf 86' lang='lat' dir='ltr'><em>sanctus</em></span> <span class='ocrx_word' id='word_1_271' title='bbox 995 2719 1187 2778; x_wconf 85' lang='lat' dir='ltr'><em>Paulus,</em></span> <span class='ocrx_word' id='word_1_272' title='bbox 1233 2726 1251 2767; x_wconf 90' lang='lat' dir='ltr'>l</span> <span class='ocrx_word' id='word_1_273' title='bbox 1297 2719 1409 2767; x_wconf 89' lang='lat' dir='ltr'><em>Cor.</em></span> <span class='ocrx_word' id='word_1_274' title='bbox 1435 2719 1500 2766; x_wconf 85' lang='lat' dir='ltr'><em>ix.</em></span> <span class='ocrx_word' id='word_1_275' title='bbox 1526 2724 1576 2777; x_wconf 90' lang='lat'><em>9,</em></span> 
     </span>
     <span class='ocr_line' id='line_1_35' title="bbox 185 2784 1576 2858; baseline -0.002 -13"><span class='ocrx_word' id='word_1_276' title='bbox 185 2797 246 2845; x_wconf 87' lang='lat' dir='ltr'><em>de</em></span> <span class='ocrx_word' id='word_1_277' title='bbox 279 2796 556 2844; x_wconf 87' lang='lat' dir='ltr'><em>hominibus</em></span> <span class='ocrx_word' id='word_1_278' title='bbox 582 2795 770 2843; x_wconf 88' lang='lat' dir='ltr'><em>dictum</em></span> <span class='ocrx_word' id='word_1_279' title='bbox 807 2795 1174 2858; x_wconf 87' lang='lat' dir='ltr'><em>interpretatur,</em></span> <span class='ocrx_word' id='word_1_280' title='bbox 1199 2784 1298 2843; x_wconf 85' lang='lat' dir='ltr'><em>non</em></span> <span class='ocrx_word' id='word_1_281' title='bbox 1324 2795 1384 2843; x_wconf 91' lang='lat' dir='ltr'><em>de</em></span> <span class='ocrx_word' id='word_1_282' title='bbox 1415 2794 1576 2843; x_wconf 85' lang='lat' dir='ltr'><em>bubus</em></span> 
     </span>
    </p>
   </div>
   <div class='ocr_carea' id='block_1_4' title="bbox 185 2869 1578 2934">
    <p class='ocr_par' dir='ltr' id='par_1_13' title="bbox 185 2869 1578 2934">
     <span class='ocr_line' id='line_1_36' title="bbox 185 2869 1578 2934; baseline -0.003 -12"><span class='ocrx_word' id='word_1_283' title='bbox 185 2879 393 2922; x_wconf 85' lang='lat' dir='ltr'><em>tantum.</em></span> <span class='ocrx_word' id='word_1_284' title='bbox 464 2872 605 2920; x_wconf 90' lang='lat' dir='ltr'><em>Prov.</em></span> <span class='ocrx_word' id='word_1_285' title='bbox 650 2871 763 2919; x_wconf 85' lang='lat' dir='ltr'><em>xvii.</em></span> <span class='ocrx_word' id='word_1_286' title='bbox 814 2876 903 2920; x_wconf 90' lang='lat'><em>13:</em></span> <span class='ocrx_word' id='word_1_287' title='bbox 949 2869 1046 2926; x_wconf 84' lang='lat' dir='ltr'><em>Qui</em></span> <span class='ocrx_word' id='word_1_288' title='bbox 1082 2870 1254 2918; x_wconf 85' lang='lat' dir='ltr'><em>reddit</em></span> <span class='ocrx_word' id='word_1_289' title='bbox 1301 2869 1434 2918; x_wconf 84' lang='lat' dir='ltr'><em>mala</em></span> <span class='ocrx_word' id='word_1_290' title='bbox 1474 2887 1578 2934; x_wconf 81' lang='lat' dir='ltr'><em>pro</em></span> 
     </span>
    </p>
   </div>
  </div>
 </body>
</html>
