1994 3256
553 264 623 298 DE
651 262 822 297 LINEA
848 261 1094 306 vlsnAm,
1122 263 1237 297 E'rc.
1521 254 1572 297 ll

179 383 366 425 caetera
405 375 571 424 omnia
606 374 769 422 vicina
810 373 1010 421 confuse
1046 381 1299 436 apparent,
1336 374 1579 424 confusio-

184 468 395 517 nemque
418 452 553 500 iHam
577 467 638 498 ex
662 466 720 498 eo
739 449 873 507 oriri,
894 449 1028 512 quod
1046 449 1208 497 vicina
1231 449 1329 509 illa,
1349 466 1462 498 cum
1479 468 1579 500 non

182 529 285 577 sint
305 528 412 576 visa
431 542 522 590 per
543 541 684 574 axem
708 525 938 588 opticam,
964 524 1115 588 dupla
1137 533 1427 588 appareant.

253 603 434 653 Coroll.
454 618 516 651 11.
563 602 638 649 Ex
657 600 831 649 eodem
850 601 1087 664 sequitur,
1111 601 1356 664 objectum
1392 601 1582 650 nullum

185 680 390 729 immoto
434 678 575 727 oculo
612 677 769 725 videri
790 693 936 740 posse
959 676 1054 724 nisi
1079 677 1309 732 confuse;
1344 693 1461 725 nam
1491 677 1583 725 im-

185 763 320 805 moto
338 754 480 804 oculo
500 753 733 802 immotus
750 759 918 800 manet
941 752 1046 800 axis
1064 752 1272 815 opticus,
1291 753 1342 802 in
1362 770 1460 817 quo
1481 754 1584 802 solo

184 833 243 880 fit
263 831 387 880 visio
411 830 660 889 distincta,
686 829 773 877 sed
785 829 959 893 puncti
983 836 1176 876 tantum
1206 829 1366 877 unius.
1439 829 1584 877 Unde

184 908 241 956 fit
271 915 329 955 ut
349 905 591 955 ‘distincta
625 905 748 953 visio
778 905 886 953 fieri
920 905 1056 953 nulla
1091 906 1262 969 possit,
1311 906 1406 954 nisi
1441 907 1584 955 oculo

183 991 350 1047 partes
392 982 575 1046 objecti
612 982 827 1045 singulas
867 989 1018 1045 atque
1055 982 1323 1029 ordinatim
1358 982 1553 1046 legente
1566 998 1583 1039 ·;

185 1060 277 1108 etsi
299 1066 460 1108 motus
484 1059 565 1108 ille
580 1059 631 1106 in
647 1058 790 1106 oculo
814 1059 886 1106 ita
903 1059 954 1105 in
968 1058 1131 1121 parvis
1151 1059 1354 1122 objectis
1379 1059 1585 1122 exiguus

186 1135 266 1194 sit,
282 1142 340 1184 ut
361 1152 463 1184 non
484 1135 801 1199 percipiatur.
876 1135 1009 1182 Hinc
1035 1140 1110 1182 est
1132 1134 1264 1198 quod
1288 1135 1372 1198 qui
1390 1151 1585 1183 versum

185 1211 415 1274 aliquem,
445 1212 539 1260 etsi
568 1212 768 1260 brevem
792 1227 989 1274 unoque
1014 1211 1196 1258 intuitu
1220 1211 1584 1275 comprehensi-

184 1286 351 1346 bilem,
369 1285 534 1351 legere
549 1287 770 1351 cupiunt,
786 1302 985 1334 necesse
1000 1286 1185 1334 habent
1200 1287 1263 1334 ad
1283 1303 1586 1351 consequen-

185 1363 307 1412 tiam
328 1363 584 1412 literarum
607 1364 737 1412 oculi
756 1379 898 1411 axem
920 1371 1160 1426 perpetuo
1186 1371 1488 1412 convertere.

272 1446 319 1488 3.
355 1440 727 1505 Magnitudines
763 1446 929 1487 autem
971 1439 1113 1487 valde
1149 1440 1355 1504 exiguae,
1402 1441 1496 1500 vel,
1545 1441 1587 1488 si

185 1515 426 1575 maximae,
458 1516 601 1564 valde
624 1523 843 1574 remotae,
869 1532 1060 1579 semper
1082 1516 1314 1564 videntur
1350 1516 1552 1565 confuse
1573 1537 1585 1572 ;

185 1591 334 1656 idque
356 1603 561 1656 propter
578 1592 952 1657 amplitudinem
970 1593 1184 1656 pupillae,
1211 1610 1322 1657 quae
1347 1600 1587 1656 quantum

187 1684 310 1732 opus
329 1676 406 1717 est
429 1669 654 1718 contrahi
671 1685 770 1717 non
788 1675 969 1732 potest.

233 1745 332 1794 *Sit
368 1746 500 1794 enim
522 1747 593 1806 (in
614 1747 698 1809 fig.
725 1748 773 1808 4)
797 1746 1047 1808 objectum
1088 1745 1133 1792 A
1158 1745 1298 1808 quasi
1331 1751 1586 1808 punctum,

186 1821 292 1870 axis
324 1822 518 1886 opticus
553 1823 599 1870 A
613 1822 688 1877 B;
724 1822 972 1870 videbitur
1005 1821 1158 1884 igitur
1193 1829 1434 1885 punctum
1457 1822 1496 1868 A
1537 1822 1589 1870 in

187 1913 279 1946 axe
303 1898 345 1946 B
359 1898 421 1947 A.
480 1899 683 1956 Rursus,
702 1898 767 1947 sit
785 1898 951 1946 radius
979 1897 1070 1946 AC
1087 1897 1310 1945 incidens
1325 1897 1377 1945 in
1393 1898 1590 1945 oculum

188 1973 387 2038 oblique
421 1975 486 2022 ad
521 1975 575 2034 C,
612 1983 663 2023 et
699 1981 999 2039 propagatus
1023 1990 1112 2037 per
1142 1974 1490 2022 refractionem
1525 1974 1589 2022 ad

187 2050 398 2098 retinam
433 2050 486 2098 in
510 2051 570 2098 D.
642 2051 804 2099 Ducta
836 2050 989 2113 igitur
1011 2066 1101 2113 per
1125 2057 1351 2097 centrum
1387 2050 1428 2097 E
1452 2057 1590 2098 recta

188 2126 233 2174 D
250 2127 302 2186 F,
339 2126 586 2174 videbitur
619 2133 858 2190 punctum
895 2126 941 2173 A
974 2126 1026 2173 in
1061 2133 1198 2174 recta
1221 2127 1261 2173 E
1278 2127 1330 2174 F.
1415 2126 1589 2189 Itaque

187 2201 437 2251 videbitur
459 2203 511 2250 in
547 2203 768 2266 pluribus
798 2202 920 2250 locis
945 2202 1104 2262 simul,
1130 2202 1182 2250 id
1216 2202 1349 2266 quod
1372 2209 1447 2251 est
1470 2219 1588 2251 con-

187 2278 310 2327 fuse.
387 2279 585 2327 Accidit
622 2287 789 2327 autem
825 2278 1019 2326 admitti
1062 2279 1256 2326 radium
1298 2279 1342 2326 A
1362 2279 1416 2337 C,
1441 2295 1588 2342 prop-

187 2361 325 2403 terea
361 2355 494 2418 quod
526 2355 713 2419 pupilla
753 2355 792 2402 C
826 2370 927 2402 non
963 2361 1126 2418 potest
1162 2355 1232 2403 ita
1265 2355 1492 2403 contrahi
1532 2362 1590 2403 ut

189 2431 353 2479 radios
377 2431 601 2495 obliquos
627 2430 857 2479 excludat
881 2446 1065 2478 omnes.

257 2507 439 2555 Coroll.
467 2523 504 2555 1.
531 2508 665 2555 Hinc
703 2515 778 2555 est
811 2507 943 2570 quod
973 2513 1139 2570 partes
1158 2507 1340 2570 obJecti
1371 2506 1588 2555 minimae

191 2582 430 2646 distingui
467 2583 597 2631 inter
621 2599 672 2630 se
704 2599 803 2630 non
822 2581 1028 2646 possint,
1052 2598 1115 2630 ne
1140 2582 1339 2645 quidem
1363 2582 1423 2629 ab
1448 2582 1591 2631 oculo

190 2659 375 2722 optime
412 2659 698 2718 constituto,
735 2674 889 2722 eoque
928 2666 1180 2721 utcunque
1214 2658 1354 2705 vitris
1388 2658 1589 2722 adjuto;

190 2751 306 2783 nam
331 2735 484 2783 dividi
519 2736 768 2799 objectum
791 2742 954 2798 potest
988 2734 1039 2782 in
1079 2742 1243 2797 partes
1279 2750 1471 2797 semper
1501 2734 1592 2782 mi-

192 2827 352 2871 nores,
378 2812 619 2860 vitrorum
655 2819 820 2859 autem
857 2811 1010 2858 virtus
1045 2810 1214 2873 augeri
1251 2810 1300 2858 in
1343 2810 1590 2859 infinitum

193 2903 293 2935 non
322 2894 496 2951 potest.

1631 398 1763 431 sEc'r.
1782 397 1835 431 11.

1715 450 1746 481 2.

1606 1443 1687 1472 Visio
1705 1443 1742 1472 ab

1604 1488 1763 1525 exiguitate

1604 1531 1709 1569 objecti
1723 1530 1850 1559 confusa.
