1982 3256
425 277 497 311 DE
525 276 783 311 mop'rms
812 275 1161 318 DUPLIGATIS,
1187 275 1303 309 Ero.
1516 266 1578 308 83

208 422 214 429 s·
252 389 328 438 Sit
349 389 419 449 (in
440 390 600 453 figura
633 387 824 452 quinta)
852 387 1022 436 oculus
1047 387 1092 434 A
1110 387 1151 434 B
1173 386 1227 445 C,
1253 393 1479 433 centrum
1501 401 1578 433 re-
1629 410 1758 443 SECT,
1778 410 1829 442 11,

59 454 67 503 s*
93 490 98 497 ·
151 489 153 491 ·
183 463 302 519 tinae
337 465 398 524 D,
433 465 537 513 axis
572 464 762 528 opticus
798 464 840 511 E
858 463 903 510 D
923 462 977 520 C,
1017 461 1266 525 dioptrum
1305 469 1578 508 convexum
1712 461 1742 492 9·

183 541 325 589 oculo
358 541 635 605 proximum
669 541 707 588 F
721 539 777 598 G,
815 538 1063 602 dioptrum
1098 537 1231 601 quod
1266 537 1460 600 objecto
1493 537 1577 584 ob-
1597 554 1711 604 object-1
1727 553 1865 604 pqr-neh.

182 617 392 666 vertitur
409 616 458 664 H
476 617 498 664 I
516 637 528 672 ;
549 632 658 679 quae
678 615 872 678 dioptra
888 614 958 662 ita
977 613 1207 661 collocari
1225 612 1579 675 intelligantur,
1596 607 1728 634 ⁸⁰⁰P¹¹¹¹¹¹
1739 601 1862 632 ΝΜΟ·

182 698 240 740 ut
271 700 510 756 punctum
543 691 738 756 obJecti,
771 697 892 755 puta
925 691 981 749 E,
1018 689 1069 737 in
1101 705 1192 737 axe
1223 690 1455 752 positum,
1482 688 1579 736 dis-

182 768 338 828 tincte
359 815 362 818 ,
381 767 637 822 videatur3
684 767 843 830 sitque
888 773 1050 814 totum
1102 765 1349 828 objectum
1396 765 1436 811 E
1456 765 1502 812 K
1522 765 1576 812 L.

183 843 416 892 Sumatur
449 843 501 891 in
537 843 728 906 objecto
762 849 1003 906 punctum
1037 841 1292 903 quodlibet
1328 841 1390 898 K,
1423 856 1454 887 a
1481 857 1578 903 quo

180 919 418 983 procedat
451 917 616 967 radius
653 919 698 966 K
716 918 754 977 Ι,
780 917 865 981 qui
899 917 1138 965 refractus
1170 917 1222 964 in
1256 916 1450 980 dioptro
1488 917 1576 964 IH

180 1003 316 1044 secet
338 1011 480 1044 axem
504 994 723 1058 opticum
745 993 797 1041 in
822 993 893 1051 Μ,
926 1000 1197 1056 pergatque
1221 991 1285 1040 ad
1308 992 1365 1051 G,
1391 1000 1442 1040 et
1464 991 1580 1040 inde

180 1071 481 1136 refringatur
503 1070 568 1118 ad
591 1077 817 1118 centrum
850 1069 1023 1117 retinae
1049 1069 1111 1125 D,
1136 1076 1187 1116 et
1208 1067 1451 1132 producta
1478 1068 1522 1115 D
1538 1067 1581 1115 G

180 1146 312 1195 linea
344 1145 558 1204 visualis,
587 1145 637 1192 in
674 1160 770 1208 qua
802 1144 1049 1192 videbitur
1083 1151 1324 1207 punctum
1360 1144 1422 1202 Κ,
1448 1150 1582 1191 secet

181 1222 277 1270 LE
299 1221 594 1286 productam
617 1220 668 1267 in
693 1221 743 1268 P.
816 1219 1066 1279 Similiter,
1091 1219 1256 1269 radius
1279 1236 1309 1267 a
1330 1226 1516 1283 puncto
1542 1220 1582 1267 L

179 1298 244 1347 sit
277 1299 401 1358 LH,
438 1297 523 1362 qui
557 1297 798 1345 refractus
834 1303 966 1344 secet
1001 1312 1143 1344 axem
1180 1297 1399 1360 opticum
1434 1296 1486 1344 in
1521 1297 1581 1357 Ο,

178 1381 454 1438 pergatque
477 1372 542 1421 ad
564 1373 617 1431 F,
642 1380 693 1420 et
715 1371 830 1419 inde
867 1371 1168 1435 refringatur
1190 1372 1255 1420 ad
1278 1373 1352 1428 D;
1391 1373 1582 1437 eritque

180 1450 226 1498 D
241 1450 280 1498 F
301 1450 432 1498 linea
453 1449 652 1498 visualis
674 1448 845 1512 puncti
869 1449 924 1507 L,
944 1464 1052 1511 quae
1069 1448 1311 1512 producta
1333 1457 1467 1496 secet
1486 1449 1526 1496 L
1539 1450 1580 1496 E

179 1525 473 1591 productam
496 1525 548 1573 in
573 1525 636 1573 N.
695 1524 1008 1572 Videbuntur
1032 1540 1149 1587 ergo
1172 1532 1358 1587 puncta
1381 1525 1438 1579 E,
1459 1525 1521 1583 K,
1541 1525 1582 1573 L

179 1603 234 1651 in
267 1601 416 1650 rectis
450 1602 496 1650 D
514 1601 571 1659 E,
596 1601 709 1659 DP,
739 1600 863 1648 DN.
934 1600 1042 1647 Fiat
1077 1600 1253 1648 deinde
1288 1607 1437 1648 rectae
1471 1601 1512 1648 E
1532 1601 1580 1648 N

178 1677 415 1742 parallela
439 1683 489 1724 et
513 1675 714 1740 aequalis
733 1676 777 1723 D
799 1675 862 1734 Q,
881 1675 932 1723 in
951 1692 1048 1738 qua
1066 1684 1287 1724 sumatur
1305 1677 1349 1724 D
1370 1677 1414 1724 R
1431 1683 1580 1725 rectae

179 1754 221 1803 E
237 1754 275 1802 P
298 1752 516 1817 aequalis.
567 1752 680 1800 Jam
715 1751 967 1814 supposito
1002 1760 1187 1814 puncto
1223 1753 1579 1800 evanescentiae

179 1828 362 1878 alicubi
383 1827 435 1875 in
451 1827 693 1891 producto
711 1843 802 1874 axe
822 1827 867 1874 D
883 1828 939 1885 E,
964 1827 1016 1874 in
1034 1843 1131 1891 quo
1152 1836 1450 1876 concurrant
1469 1828 1579 1876 duae

178 1912 329 1954 rectae
355 1904 516 1952 ductae
540 1919 570 1952 a
595 1904 644 1953 Q
666 1910 715 1951 et
739 1904 799 1962 R,
825 1919 934 1966 quae
957 1911 1106 1952 rectae
1131 1904 1230 1952 sint
1254 1905 1302 1954 Q
1318 1905 1367 1964 S,
1388 1905 1502 1962 RT,
1526 1905 1579 1952 in

37 1983 39 1987 ’
120 1995 123 1997 ’
178 1982 276 2032 illis
310 1980 621 2045 apparebunt
653 1986 838 2044 puncta
872 1980 912 2027 L
946 1986 996 2027 et
1031 1981 1093 2028 K.
1167 1980 1266 2028 Sed
1295 1981 1379 2029 illa
1407 1981 1579 2029 eadem

33 2059 39 2072 ¹
178 2063 417 2122 apparent
440 2057 494 2104 in
517 2056 562 2104 D
582 2056 645 2115 N,
674 2056 720 2104 D
737 2057 802 2111 P;
839 2063 1077 2119 apparent
1108 2072 1226 2121 ergo
1260 2057 1313 2105 in
1346 2057 1581 2105 intersec-

179 2133 397 2184 tionibus
415 2132 480 2181 ad
507 2133 551 2179 V
575 2140 625 2180 et
642 2133 708 2180 X.
745 2133 919 2195 Itaque
944 2132 1093 2181 ducta
1115 2133 1159 2179 V
1177 2134 1242 2193 X,
1267 2142 1318 2182 et
1339 2134 1581 2197 producta

179 2209 244 2259 ad
277 2225 420 2258 axem
447 2209 666 2272 opticum
699 2208 750 2256 in
772 2208 832 2267 Y,
857 2209 1111 2272 apparebit
1145 2210 1392 2274 objectum
1418 2217 1580 2259 totum

179 2286 221 2334 E
237 2286 284 2334 K
299 2286 355 2345 L,
380 2285 553 2334 ordine
576 2285 789 2348 partium
811 2285 1019 2344 inverso,
1042 2285 1093 2333 in
1117 2285 1162 2333 Y
1174 2286 1223 2334 X
1239 2287 1297 2335 V.

248 2362 382 2410 Nota
416 2368 582 2410 autem
617 2361 750 2424 quod
772 2362 816 2408 V
830 2361 874 2408 Y
907 2378 1007 2410 non
1042 2363 1296 2426 apparebit
1330 2363 1459 2411 inter
1483 2363 1580 2411 duo

182 2438 392 2503 dioptra,
418 2453 534 2486 nam
562 2437 670 2501 (per
694 2454 751 2486 ea
775 2454 885 2501 quae
909 2438 1044 2486 dicta
1067 2447 1182 2487 sunt
1207 2440 1368 2503 capite
1395 2455 1580 2503 praece-

142 2551 145 2553 Α
182 2514 332 2564 dente
354 2522 448 2563 art.
473 2515 526 2577 6)
555 2515 812 2578 apparebit
836 2514 1083 2578 dioptrum
1106 2515 1268 2580 ipsum
1292 2516 1381 2563 IH
1407 2515 1459 2562 in
1473 2515 1510 2562 Z
1525 2515 1578 2562 Z.

182 2591 442 2650 Praeterea,
467 2591 744 2639 consideret
778 2591 934 2639 lector
965 2591 1097 2655 quod
1128 2593 1180 2640 in
1214 2593 1375 2656 figura
1404 2591 1498 2639 hac
1530 2597 1580 2639 et

181 2666 508 2730 praecedente,
546 2683 753 2730 quarum
787 2666 1149 2730 magnitudines
1184 2667 1248 2716 ad
1281 2666 1580 2715 brevissimae

183 2742 368 2791 chartae
401 2741 654 2790 modulum
688 2742 958 2790 limitandae
994 2750 1149 2802 erant,
1172 2760 1275 2792 non
1304 2743 1467 2806 potuit
1494 2742 1579 2792 de-

182 2818 323 2882 pingi
346 2818 592 2882 objectum
623 2818 675 2867 in
709 2825 849 2866 tanta
871 2818 931 2866 ab
956 2818 1098 2866 oculo
1123 2818 1370 2878 distantia,
1395 2826 1581 2882 quanta

189 2893 475 2958 requiritur,
499 2901 555 2943 ut
577 2894 739 2943 vocari
765 2893 941 2942 debeat
969 2894 1301 2959 telescopium,
1327 2894 1459 2957 quod
1483 2894 1580 2959 sig-

1357 2985 1390 3018 ρ
1406 2982 1425 3012 2
