2020 3262
263 263 337 297 DE
363 262 506 296 LEGE
532 262 770 297 NATURAE
798 261 963 296 CIRCA
990 261 1369 296 CONTRACTUS.
1445 251 1531 303 171

145 372 224 422 vel
257 373 542 439 simpliciter
585 373 857 433 renunciat,
887 373 966 421 vel
1002 373 1054 420 in
1090 372 1241 420 alium
1285 373 1535 422 transfert.
1577 400 1707 433 SECT,
1722 399 1794 433 111,

144 448 458 515 Simpliciter
489 450 767 507 renunciat,
791 449 874 512 qui
898 449 1039 512 signo
1062 448 1142 496 vel
1165 448 1316 511 signis
1347 448 1537 498 idoneis
1667 453 1698 484 2·

144 523 376 585 declarat,
398 525 523 574 velle
548 541 600 573 se
622 541 722 573 non
743 525 935 573 licitum
958 524 1051 572 sibi
1073 523 1281 586 amplius
1302 523 1408 571 fore
1433 540 1537 571 cer-
1556 539 1637 572 Quid
1653 540 1693 568 sit

141 607 250 649 tum
272 601 458 665 aliquid
480 601 657 659 facere,
683 600 816 664 quod
826 601 950 663 jure
968 608 1114 647 antea
1135 598 1308 665 fecisse
1325 606 1534 662 poterat.
1549 582 1694 662 Ξῗξξξξζῗ
1703 583 1775 663 ἔξω

148 675 422 741 Transfert
445 683 610 725 autem
634 677 686 724 in
719 676 944 734 alterum,
969 675 1054 739 qui
1093 675 1233 738 signo
1267 675 1345 723 vel
1385 675 1536 738 signis
1553 668 1629 697 Μ
1643 669 1808 698 ‘mnsfem‘

139 752 328 802 idoneis
361 753 432 800 illi
468 753 626 812 alteri,
651 752 704 800 id
725 752 868 816 juris
891 751 1077 800 volenti
1111 751 1173 798 ab
1205 767 1264 799 eo
1295 751 1535 814 accipere,

141 828 358 877 declarat
378 828 502 877 velle
526 845 577 877 se
600 845 700 876 non
731 828 921 876 licitum
946 827 1039 876 sibi
1062 827 1271 890 amplius
1295 827 1401 875 fore
1441 827 1536 890 ipsi

138 904 366 953 resistere
389 912 579 953 certum
610 904 796 968 aliquid
832 903 1014 968 agenti,
1045 910 1194 967 prout
1229 903 1275 951 ei
1308 903 1537 951 resistere

39 963 50 1018 [
125 979 251 1043 ⁸iure
301 988 450 1028 antea
496 988 707 1044 poterat.
810 979 957 1028 Jurz’s
1014 987 1180 1027 autem
1238 979 1538 1028 translatio-

136 1070 246 1103 uem
277 1055 330 1104 in
366 1055 472 1104 sola
508 1071 610 1103 non
646 1056 924 1104 resistentia
960 1055 1240 1114 consistere,
1277 1072 1337 1104 ex
1366 1071 1425 1104 eo
1461 1056 1538 1104 in·-

136 1131 391 1195 telligitur,
443 1132 578 1194 quod
626 1139 741 1180 ante
777 1132 903 1195 juris
955 1132 1342 1191 translationem,
1379 1132 1437 1191 is,
1485 1133 1538 1180 in

136 1215 283 1272 quem
305 1206 616 1266 transfertur,
637 1208 718 1270 jus
746 1207 960 1256 habebat
985 1208 1089 1270 jam
1111 1214 1219 1255 tum
1255 1208 1309 1256 in
1341 1208 1535 1263 omnia;

46 1276 60 1307 ’·
133 1282 267 1332 unde
289 1299 472 1332 novum
483 1284 575 1347 jus
599 1283 716 1332 dare
739 1299 841 1331 non
862 1284 1040 1348 potuit,
1066 1284 1153 1332 sed
1170 1286 1306 1348 justa
1327 1285 1537 1333 transfe-

130 2043 211 2092 tis.
283 2044 336 2092 Si
370 2044 555 2093 utravis
601 2045 742 2104 absit,
764 2045 856 2108 jus
901 2053 1084 2093 manet.
1154 2045 1269 2094 Non
1317 2046 1448 2094 enim
1489 2047 1531 2095 si

133 1359 288 1408 tentis
317 1360 609 1420 resistentia,
632 1367 834 1424 propter
861 1377 1009 1424 quam
1019 1361 1144 1423 jare
1179 1377 1267 1409 suo
1291 1361 1416 1409 alter
1438 1361 1537 1409 frui

39 1449 58 1463 ²
132 1432 234 1489 non
255 1436 435 1500 potuit,
459 1436 779 1500 extinguitur.
850 1437 1144 1499 Quicunque
1175 1436 1328 1500 igitur
1337 1438 1430 1499 jus
1452 1453 1536 1486 ac-

48 1557 54 1565 ,
134 1511 286 1576 quirit
306 1511 360 1560 in
381 1518 515 1561 statu
530 1512 785 1560 hominum
808 1512 1035 1571 naturali,
1059 1512 1112 1560 id
1134 1512 1238 1576 agit
1261 1519 1455 1561 tantum
1477 1521 1536 1562 ut

50 1583 52 1585 ’
79 1611 83 1614 ·
133 1603 305 1643 secure
324 1594 376 1637 et
403 1589 508 1637 sine
526 1589 662 1652 justa
683 1589 910 1637 molestia
917 1589 1042 1651 jure
1066 1605 1155 1637 suo
1170 1588 1413 1653 primaevo
1436 1590 1534 1638 frui

131 1664 304 1728 possit.
372 1664 597 1728 Exempli
620 1681 781 1723 causa,
807 1665 848 1712 si
872 1664 979 1727 quis
996 1664 1205 1712 fimdum
1223 1681 1366 1713 suum
1389 1666 1532 1715 alteri

131 1739 209 1788 vel
231 1755 413 1788 venum
445 1739 523 1788 vel
564 1739 695 1788 dono
729 1739 937 1798 dederit,
963 1739 1055 1788 sibi
1089 1740 1180 1788 soli
1207 1741 1300 1803 jus
1330 1741 1384 1789 in
1419 1757 1533 1790 eum

130 1815 355 1875 fundum,
378 1832 480 1864 non
506 1815 612 1864 aliis
634 1816 754 1864 item
777 1815 965 1864 adimit.

201 1897 248 1940 5.
283 1892 570 1956 Requiritur
598 1899 763 1940 autem
796 1892 860 1940 ad
873 1892 1017 1955 juris
1041 1892 1423 1942 translationem
1445 1910 1532 1942 vo-
1548 1905 1598 1935 Ad
1611 1907 1775 1958 tzanqlafia

1547 1959 1615 1978 nem
1628 1960 1705 1989 Juns
1719 1961 1766 1980 ne-

42 1971 57 2001 !
130 1967 293 2016 luntas
309 1984 412 2016 non
431 1967 580 2016 modo
598 1968 953 2024 transferentis,
986 1968 1073 2016 sed
1095 1969 1244 2017 etiam
1270 1977 1534 2034 acceptam
1547 1995 1702 2023 „essm-am
1715 2005 1780 2023 esse

1545 2037 1726 2066 voluntatem
1739 2048 1787 2068 ao-

1547 2082 1699 2119 captantis.

131 2119 265 2184 quod
290 2135 456 2168 meum
487 2127 563 2169 est
598 2121 820 2184 accipere
853 2121 1101 2169 recusanti
1126 2121 1244 2170 dare
1274 2122 1530 2183 voluerim,

10 2211 14 2213 ’
42 2192 62 2263 j}
128 2202 392 2261 propterea
427 2196 712 2259 simpliciter
738 2198 849 2260 jure
871 2213 982 2245 meo
1014 2198 1316 2258 renunciavi,
1341 2199 1443 2247 sive
1466 2199 1531 2247 ad

51 2292 59 2323 1
129 2272 398 2337 quemlibet
442 2272 688 2320 transtuli.
775 2272 905 2320 Nam
946 2289 1108 2332 causa,
1145 2282 1346 2338 propter
1381 2291 1531 2338 quam

127 2349 216 2398 uni
239 2349 356 2397 dare
378 2349 527 2408 volui,
552 2349 603 2396 in
626 2365 684 2397 eo
708 2365 807 2397 uno
831 2357 920 2408 est,
945 2349 996 2397 in
1021 2351 1213 2399 caeteris
1236 2368 1337 2400 non
1361 2351 1495 2401 item.

55 2421 57 2423 ’
142 2448 145 2452 ·
194 2430 243 2474 6.
278 2425 558 2474 Voluntatis
582 2433 748 2473 autem
771 2425 822 2473 in
840 2427 950 2489 jure
979 2427 1058 2474 vel
1097 2428 1419 2492 relinquendo
1450 2429 1525 2480 vel
1546 2440 1643 2470 Verba
1656 2451 1716 2470 11011

1543 2485 1731 2521 transferunt,

128 2501 486 2561 transferendo,
512 2502 554 2549 si
591 2502 732 2565 signa
755 2503 890 2550 nulla
922 2502 1018 2551 alia
1047 2504 1326 2553 exstiterint
1347 2513 1529 2568 praeter
1544 2528 1647 2557 „iside
1664 2527 1815 2567 praesens.

127 2577 292 2637 verba,
340 2578 492 2626 verba
531 2594 593 2626 ea
639 2578 703 2626 de
715 2579 967 2643 praesenti
1001 2580 1079 2628 vel
1111 2582 1386 2646 proeterz'to
1425 2597 1528 2630 esse

42 2659 67 2702 -ς
129 2661 339 2718 oportet.
408 2654 538 2703 Nam
562 2654 603 2702 si
627 2654 690 2702 de
710 2653 900 2718 futuro
924 2655 1037 2714 sint,
1061 2656 1184 2705 nihil
1208 2657 1526 2706 transferunt.

54 2779 55 2782 ,
130 2728 230 2779 Qui
247 2730 394 2789 enim,
430 2730 638 2794 exempli
670 2747 830 2790 causa,
856 2731 916 2778 de
950 2731 1117 2780 futuro
1153 2733 1222 2781 sic
1247 2732 1382 2792 dicit,
1408 2749 1527 2782 cras

45 2807 58 2839 ²
130 2804 275 2866 dabo,
294 2814 464 2870 aperte
482 2807 726 2871 significat
749 2823 850 2856 non
870 2823 920 2856 se
940 2806 1148 2858 dedisse.
1206 2810 1334 2858 Toto
1357 2809 1527 2874 itaque
