2020 3262
423 250 495 284 DE
523 250 763 285 memus
791 250 1030 286 NATURAE
1058 251 1340 291 mmoms,
1484 242 1575 293 197

183 362 302 412 oriri
319 362 613 412 discordiam
639 360 915 428 et'pugnaS.
987 365 1114 413 Sunt
1136 365 1286 428 igitur
1310 366 1502 415 tamdiu
1523 367 1576 415 in
1620 387 1748 420 sacr.
1769 387 1841 420 111.

183 444 317 488 statu
337 439 468 498 belli,
493 455 641 503 quam
665 439 836 488 bonum
865 448 916 488 et
931 439 1109 488 malum
1132 456 1235 504 prae
1265 442 1576 504 appetituum
1636 485 1641 494 ,
1715 439 1745 470 ³·
1822 486 1828 494 ,

180 514 495 579 praesentium
511 515 792 564 diversitate
809 515 1014 564 diversis
1028 517 1271 564 mensuris
1286 517 1577 567 metiuntur.

185 590 542 658 Hunc-statum
562 591 706 639 facile
731 607 915 650 omnes,
941 591 1059 640 dum
1081 591 1134 639 in
1159 608 1217 640 eo
1243 599 1373 650 sunt,
1399 609 1577 656 agnos-

184 674 304 715 cunt
332 682 438 715 esse
472 666 684 724 malum3
723 674 774 716 et
807 683 896 731 per
931 684 1234 731 consequens
1261 684 1435 731 pacem
1473 685 1578 717 esse

181 742 377 791 bonam.
449 742 549 792 Qui
584 743 736 808 igitur
772 743 833 792 de
873 744 1004 792 bono
1047 743 1281 807 praesenti
1317 745 1579 793 convenire

182 835 283 868 non
304 826 548 884 poterant,
574 819 876 868 conveniunt
899 819 960 868 de
983 819 1152 868 futuro
1172 841 1184 876 ;
1222 819 1356 883 quod
1380 819 1579 883 quidem

182 911 306 960 opus
334 896 538 944 rationis
563 903 651 945 est.
690 897 821 945 Nam
836 896 1114 960 praesentia
1132 896 1370 954 sensibus,
1383 895 1579 957 futura

182 988 284 1021 non
299 971 395 1021 nisi
408 972 599 1020 ratione
615 972 970 1036 percipiuntur.
1042 972 1364 1036 Praecipiente
1386 971 1578 1020 ratione

181 1065 355 1113 pacem
378 1064 484 1097 esse
506 1049 703 1106 bonam,
730 1048 954 1111 sequitur
978 1048 1151 1096 eadem
1175 1048 1380 1107 ratione,
1414 1048 1581 1096 omnia

181 1125 345 1174 media
385 1125 449 1173 ad
503 1141 676 1188 pacem
716 1124 992 1172 necessaria
1030 1125 1163 1172 bona
1203 1139 1326 1182 esse,
1368 1123 1579 1187 ideoque

182 1201 475 1249 modest-iam
494 1200 975 1265 oequitat6m‚fidem‚
995 1200 1367 1258 humanitatem,
1384 1200 1580 1247 miseri-

183 1276 422 1336 cordiam,
453 1293 573 1340 quas
599 1276 1043 1325 demonstravimus
1068 1277 1131 1324 ad
1161 1293 1334 1339 pacem
1359 1292 1463 1324 esse
1495 1293 1581 1324 ne-

183 1354 436 1413 cessarias,
464 1353 615 1400 bonos
653 1369 759 1401 esse
783 1369 961 1410 mores,
999 1352 1101 1400 sive
1137 1352 1350 1409 habitus,
1387 1352 1480 1399 hoc
1508 1360 1583 1400 est

182 1429 411 1477 virtutes.
446 1428 556 1476 Lex
576 1444 692 1492 ergo
717 1444 775 1475 eo
798 1427 920 1491 ipso,
948 1427 1079 1490 quod
1101 1427 1323 1490 praecipit
1341 1427 1502 1475 media
1519 1427 1584 1475 ad

181 1520 371 1568 pacem,
388 1505 611 1568 praecipit
636 1504 787 1552 bonos
813 1520 989 1563 mores,
1010 1504 1110 1551 sive
1135 1503 1363 1551 virtutes.
1423 1503 1582 1552 Voca-

182 1587 266 1629 tur
281 1597 400 1644 ergo
421 1580 647 1628 moralis.

251 1662 332 1705 32.
371 1657 502 1706 Quia
530 1673 648 1705 vero
681 1657 904 1704 homines
928 1672 1106 1703 exuere
1140 1672 1240 1703 non
1263 1664 1471 1720 possunt
1494 1673 1579 1720 ap-
1601 1669 1687 1699 Unde
1709 1669 1763 1720 ξιει
1784 1672 1867 1710 quod

183 1731 394 1795 petitum
429 1732 567 1780 illum
604 1731 954 1790 irrationalem,
995 1747 1092 1794 quo
1132 1732 1262 1778 bona
1302 1732 1579 1794 praesentia*
1598 1714 1869 1795 {ffegffi‘aatussssffi

186 1807 362 1871 quibus
386 1814 524 1855 areta
559 1806 911 1870 consequentia
943 1807 1099 1854 multa
1121 1806 1374 1855 adhaerent
1398 1807 1580 1870 impro-
1598 1810 1658 1829 ¹²⁰⁰
1681 1802 1740 1829 ΞΜ
1765 1802 1868 1830 estdem

1598 1854 1664 1883 quae
1678 1846 1837 1874 traduntur
1849 1855 1868 1874 a

183 1883 290 1931 visa
325 1883 469 1942 mala,
511 1898 615 1946 prae
649 1882 828 1930 futuris
873 1889 1129 1946 appetunt,
1162 1882 1349 1931 factum
1399 1891 1488 1942 est,
1523 1892 1581 1932 ut
1597 1888 1779 1961 lssitlgffifhis
1789 1889 1868 1918 0110ss

186 1975 467 2023 quanquam
482 1959 794 2007 consentiant
809 1974 978 2006 omnes
994 1958 1044 2006 in
1057 1959 1203 2006 laude
1222 1959 1464 2007 dictarum
1485 1960 1582 2008 vir-
1724 1953 1731 1961 ’

184 2042 363 2094 tutum,
378 2042 544 2083 tamen
563 2034 854 2082 dissentiant
868 2034 1029 2082 adhuc
1053 2034 1113 2082 de
1132 2051 1300 2082 earum
1317 2043 1510 2095 natura,
1531 2036 1583 2084 in

186 2127 284 2175 quo
322 2127 499 2175 nempe
523 2127 829 2174 unaquaeque
854 2127 1022 2158 earum
1046 2111 1297 2159 consistat.
1370 2111 1581 2160 Quoties

185 2188 319 2236 enim
343 2188 571 2251 cuiquam
587 2187 812 2250 displicet
832 2187 992 2234 aliena
1004 2187 1135 2234 bona
1159 2187 1304 2244 actio,
1331 2187 1375 2234 ei
1398 2188 1583 2235 actioni

184 2255 457 2327 imponitur
480 2280 660 2311 nomen
684 2263 889 2327 alicujus
905 2263 1012 2311 vitii
1034 2263 1210 2318 vicini;
1248 2263 1472 2311 similiter
1496 2280 1582 2311 ne-

186 2339 373 2404 quitiae,
383 2356 493 2403 quae
507 2339 718 2402 placent,
727 2339 789 2386 ad
803 2338 1036 2386 virtutem
1051 2339 1265 2402 aliquam
1283 2339 1580 2388 referuntur.

187 2414 333 2464 Unde
371 2415 549 2473 evenit,
574 2414 781 2462 eandem
820 2415 1065 2462 actionem
1110 2415 1171 2462 ab
1208 2415 1284 2462 his
1316 2415 1508 2463 laudari
1532 2423 1584 2463 et

185 2491 421 2539 virtutem
462 2490 713 2555 appellari,
753 2491 813 2538 ab
845 2490 940 2538 illis
977 2491 1163 2554 culpari
1193 2497 1243 2538 et
1278 2491 1399 2539 vitio
1437 2491 1581 2539 verti.

187 2567 362 2632 Neque
395 2567 510 2615 huic
550 2567 623 2615 rei
668 2566 872 2614 remedii
913 2566 1175 2630 quicquam
1211 2583 1242 2614 a
1278 2567 1582 2631 philosophis

185 2643 426 2692 haetenus
449 2644 704 2691 inventum
735 2650 824 2690 est.
897 2642 1022 2690 Cum
1049 2643 1178 2690 enim
1214 2659 1314 2690 non
1355 2643 1582 2692 observa-

186 2727 300 2767 rent
320 2719 594 2768 bonitatem
627 2719 878 2766 actionum
901 2718 952 2766 in
977 2734 1035 2766 eo
1060 2718 1204 2766 sitam
1229 2734 1351 2775 esse,
1376 2719 1509 2782 quod
1531 2719 1583 2767 in

187 2794 360 2843 ordine
379 2794 443 2843 ad
454 2811 649 2858 pacem3
678 2794 914 2842 malitiam
936 2794 987 2841 in
1012 2810 1086 2853 eo,
1107 2794 1240 2858 quod
1254 2795 1305 2842 in
1324 2795 1497 2843 ordine
1519 2796 1584 2844 ad

189 2865 483 2920 discordiam
506 2878 690 2928 essent3
716 2871 951 2919 moralem
958 2870 1336 2936 philosophiam
1351 2871 1582 2920 condide-
