1962 3242
1591 347 1656 374 s

477 536 825 594 INDEX
891 534 1384 592 CAPITUM

627 689 804 732 LIBRI
837 689 923 732 DE
955 687 1229 758 ῌΟΜΙΝΕ.

193 917 261 939 mr-
1596 916 1660 936 PAO.

223 952 270 990 1.·
283 949 347 990 De
364 950 530 990 Generis
547 950 722 989 Humani
741 950 916 1002 Origine,
936 956 1010 989 etc.
1049 973 1064 980 -
1172 973 1188 979 -
1295 973 1311 979 -
1417 972 1434 980 -
1540 972 1556 980 -
1639 953 1656 988 l

217 1020 269 1062 2:
282 1020 348 1060 De
363 1020 488 1060 Linea
505 1020 653 1059 Visuali
667 1026 706 1059 et
724 1020 979 1072 Perceptione
997 1020 1133 1059 Motus
1171 1042 1188 1049 -
1294 1042 1310 1051 -
1418 1042 1434 1050 -
1541 1043 1556 1050 -
1636 1022 1660 1062 7

218 1093 258 1132 3.
284 1090 350 1130 De
367 1090 523 1142 Objecti
540 1090 650 1130 Loco
669 1096 878 1142 apparente
895 1103 965 1142 per
982 1091 1180 1129 Visionem
1198 1090 1384 1128 directam
1542 1113 1558 1120 -
1614 1093 1662 1129 18

216 1164 269 1201 4:
284 1161 349 1201 De
366 1161 720 1212 Reproesentatione
739 1161 895 1213 Objecti
913 1163 953 1199 in
973 1161 1220 1212 Perspectiva
1292 1184 1309 1191 -
1415 1185 1430 1192 -
1540 1185 1556 1192 -
1610 1164 1662 1202 29

217 1233 258 1272 5.
282 1231 347 1271 De
363 1231 474 1282 Loco
491 1231 647 1283 Objecti
668 1237 877 1282 apparente
895 1233 934 1269 in
956 1231 1131 1282 Speculis
1149 1232 1278 1271 Planis
1305 1237 1345 1271 et
1363 1230 1558 1271 Convexis

349 1313 420 1352 per
437 1301 717 1340 Reflectionem
806 1324 821 1331 -
929 1324 945 1331 -
1174 1323 1191 1333 -
1296 1324 1311 1332 -
1419 1325 1434 1332 -
1542 1325 1557 1333 -
1610 1306 1663 1342 40

217 1370 270 1412 6:
283 1370 348 1411 De
373 1370 484 1411 Loco
511 1371 667 1423 Objecti
694 1377 906 1423 apparente
931 1384 1002 1423 per
1029 1371 1338 1411 Reflectionem
1328 1385 1367 1410 in
1388 1371 1557 1423 Speculo

350 1442 537 1493 sphaerice
556 1454 728 1481 concavo
804 1464 821 1472 -
1052 1465 1068 1471 -
1175 1464 1191 1471 -
1298 1464 1314 1471 -
1421 1464 1436 1472 -
1542 1465 1558 1473 -
1611 1443 1662 1484 47

145 1495 147 1497 Ι
219 1511 260 1554 7.
283 1511 350 1551 De
366 1511 477 1551 Loco
494 1517 704 1563 apparente
723 1511 880 1564 Objecti
906 1512 990 1551 visi
1008 1525 1078 1563 per
1095 1511 1386 1551 Refractionem
1403 1513 1558 1551 unicam
1611 1515 1663 1553 59

219 1583 258 1621 8.
283 1581 348 1621 De
366 1581 524 1621 visione
550 1588 638 1634 post
663 1583 759 1621 duas
786 1583 1066 1628 Refractiones‚
1094 1583 1175 1620 sive
1203 1582 1252 1621 de
1278 1582 1455 1633 Dioptris
1478 1583 1560 1621 vul-

352 1652 510 1704 guribus
557 1674 573 1682 -
681 1675 697 1682 -
804 1675 819 1683 ·
927 1676 942 1682 -
1051 1676 1067 1682 -
1174 1675 1190 1682 -
1295 1675 1311 1683 -
1417 1675 1434 1684 -
1540 1675 1557 1684 —
1610 1655 1661 1693 65

219 1724 269 1762 95
285 1720 351 1760 De
367 1721 545 1773 Dioptris
562 1722 778 1772 duplicatis,
791 1723 872 1761 sive
890 1723 939 1760 de
954 1722 1181 1772 Telescopio
1199 1727 1238 1760 et
1251 1722 1513 1774 Microscopio
1541 1745 1557 1754 -
1611 1723 1662 1764 77

197 1793 267 1832 10.ἱ
288 1791 353 1831 De
372 1791 558 1832 Sermone
683 1816 699 1823 -
802 1809 816 1821 0
927 1815 944 1823 -
1050 1816 1066 1823 -
1176 1815 1192 1823 -
1298 1815 1314 1822 -
1420 1816 1436 1824 -
1543 1815 1559 1824 -
1613 1795 1663 1832 88

198 1863 262 1901 11.
288 1860 353 1900 De
371 1863 562 1914 Appetitu
579 1867 620 1901 et
637 1862 748 1914 Fuga
804 1885 820 1894 -
925 1885 941 1893 -
1049 1886 1065 1893 -
1171 1886 1187 1894 -
1297 1885 1312 1893 -
1421 1885 1436 1894 -
1543 1885 1559 1892 -
1612 1866 1665 1903 94

30 1975 31 1978 Ἴ
199 1933 271 1971 12.
287 1931 352 1971 De
370 1932 600 1978 Affectibus,
617 1933 697 1971 sive
717 1932 1077 1972 Pei-turbationibus
1096 1934 1229 1972 Animi
1297 1957 1313 1965 -
1419 1954 1437 1964 -·
1545 1955 1561 1962 -
1590 1935 1666 1971 103

45 1990 49 1994 ⁴
130 2023 133 2025 ·
201 2003 262 2041 13.
287 2001 352 2040 De
368 2001 539 2054 Ingeniis
557 2008 596 2041 et
613 2001 794 2041 Moribus
931 2026 946 2033 -
1052 2026 1068 2034 -
1176 2027 1191 2034 -
1298 2027 1314 2035 -
1422 2026 1438 2035 -
1544 2026 1561 2034 -
1590 2006 1662 2042 111

199 2073 263 2111 14.
288 2070 353 2110 De
371 2071 574 2123 Religione
681 2095 696 2102 -
811 2096 827 2103 -
933 2096 949 2103 -
1055 2096 1071 2103 -
1177 2097 1193 2103 -
1299 2095 1316 2103 -
1421 2095 1438 2104 -
1545 2095 1560 2104 -
1592 2075 1667 2112 118

199 2142 263 2180 15.
290 2140 353 2180 De
372 2141 543 2180 Homine
563 2142 729 2187 Fictifio,
747 2143 827 2181 sive
846 2143 894 2181 de
914 2143 1084 2182 Persona
1177 2166 1193 2173 -
1300 2166 1315 2173 -
1422 2165 1438 2174 -
1545 2165 1561 2173 -
1591 2146 1667 2182 130

686 2465 863 2508 LIBRI
896 2466 982 2508 DE
1015 2465 1178 2516 CIVE,

653 2586 731 2613 SUB
762 2586 922 2614 TITULO
951 2587 1224 2614 LIBERTATIS.

229 2660 265 2698 1.
291 2658 356 2697 De
373 2658 590 2698 Hominum
610 2658 723 2698 Statu
742 2666 851 2698 extra
866 2661 1099 2700 Societatem
1180 2683 1195 2690 -
1304 2683 1320 2692 -
1427 2684 1444 2691 -
1550 2684 1567 2693 -
1597 2662 1671 2704 157

225 2730 266 2768 2.
293 2727 358 2768 De
375 2727 483 2780 Lege
501 2729 666 2769 Naturae
685 2731 789 2769 circa
808 2729 1042 2770 Contractus
1058 2753 1073 2761 -
1181 2753 1197 2761 -
1305 2753 1321 2760 -
1426 2753 1443 2762 -
1550 2755 1566 2762 -
1596 2734 1672 2772 168

226 2799 266 2837 3.
293 2797 357 2838 De
374 2798 546 2851 Legibus
566 2799 726 2839 Naturae
746 2801 902 2851 reliquis
937 2824 951 2831 -
1059 2823 1076 2831 -
1181 2822 1197 2830 ·
1307 2824 1323 2832 -
1429 2824 1445 2831 -
1553 2824 1569 2832 -
1598 2805 1669 2841 181

228 2869 266 2906 4.
292 2867 409 2912 Quod
428 2868 514 2908 Lex
534 2869 735 2909 Naturalis
755 2877 812 2909 est
830 2870 915 2909 Lex
933 2870 1078 2910 Divina
1185 2895 1201 2901 -
1308 2895 1324 2901 -
1431 2895 1446 2902 -
1554 2895 1570 2902 -
1599 2875 1674 2913 199
