2020 3262
647 232 716 266 DE
745 231 1071 266 RELIGIONE.
1462 223 1551 267 125

157 350 265 394 tum
306 358 475 392 rnrsus
520 344 808 392 incidamus.
897 343 1244 392 Humilitatem
1293 350 1458 390 autem
1505 352 1555 392 et
1607 366 1733 398 suc-r,
1758 367 1806 398 11,

155 420 344 470 luctum
367 420 530 468 cinere
554 428 606 468 et
623 436 763 468 sacco
789 430 840 467 et
857 419 1251 483 prosternatione
1276 418 1551 481 significare
1684 418 1735 448 ¹4·

159 495 290 545 soliti
313 503 456 552 sunt;
492 512 592 544 non
626 495 760 560 quod
793 495 952 559 pudor
976 502 1026 543 et
1060 494 1312 542 humilitas
1350 494 1453 541 sine
1479 494 1553 541 his
1573 509 1680 538 canus

159 587 277 620 vera
304 587 403 620 non
442 571 534 626 sit;
570 572 656 620 sed
694 571 809 635 quia
840 579 1019 619 natura
1054 571 1160 634 ipsa
1197 569 1340 617 docet
1382 569 1554 617 iisdem
1571 558 1798 634 Essffgssaffium

159 647 306 695 rebus
330 647 489 695 Deum
513 647 688 706 colere,
715 647 798 711 qui
830 646 981 695 corda
1014 654 1184 694 nostra
1205 645 1356 704 videt,
1382 645 1556 708 quibus
1573 640 1828 720 {fltss‘fsseaff’g‘j35ff“

159 722 370 771 vidimus
394 723 489 770 coli
511 723 750 782 homines,
772 723 857 786 qui
880 722 973 770 nisi
988 723 1168 770 talibus
1193 722 1344 785 signis
1369 721 1429 768 de
1452 737 1557 784 poe-

161 798 373 847 nitentia
394 814 511 846 vera
533 799 755 862 judicare
778 815 880 846 non
905 806 1123 862 possunt.
1184 798 1284 847 Qui
1306 813 1422 845 vero
1446 813 1559 860 pec-

161 881 276 923 cata
311 889 413 933 sua‚
461 874 754 938 simulatque
796 874 1107 938 resipuerint,
1135 873 1414 922 condonata
1454 888 1559 920 esse

161 966 252 1014 pro
287 957 425 998 certo
460 950 662 1008 habent,
703 950 951 1014 iidemque
992 966 1043 998 se
1081 950 1243 998 sciunt
1283 949 1559 1013 resipuisse,

161 1026 257 1074 nisi
280 1025 414 1090 quod
446 1025 629 1073 doloris
666 1026 854 1090 species
896 1026 1060 1089 aliqua
1097 1026 1162 1073 sit
1201 1025 1348 1073 etiam
1383 1024 1560 1088 pudor,

163 1101 329 1151 dolere
351 1101 557 1149 ulterius
581 1118 682 1149 non
699 1109 932 1165 possunt:
969 1118 1084 1149 nam
1105 1102 1145 1149 si
1169 1101 1339 1150 dolent
1367 1102 1562 1165 signum

162 1177 482 1226 manifestum
505 1183 595 1235 est,
622 1177 756 1240 quod
778 1177 890 1224 ideo
910 1177 1093 1237 dolent,
1129 1177 1245 1240 quia
1269 1194 1326 1225 eo
1351 1177 1561 1224 miseriae

163 1268 216 1302 se
251 1252 481 1300 reductos
522 1252 707 1310 vident,
747 1260 804 1300 ut
849 1253 927 1300 vel
958 1253 1066 1317 ipsi,
1098 1254 1177 1301 vel
1216 1260 1420 1317 peccata
1453 1269 1563 1316 quae

163 1335 333 1377 amant
377 1327 657 1391 abjicienda
698 1336 842 1384 sunt3
896 1329 1310 1392 quemadmodum
1341 1330 1393 1377 in
1440 1329 1564 1376 mari

43 1399 59 1438 ἦ
131 1418 133 1420 ·
163 1411 409 1453 mercator
433 1404 582 1464 dolet,
609 1405 806 1468 quando
837 1413 929 1453 aut
952 1422 1003 1454 se
1036 1413 1122 1454 aut
1146 1422 1359 1454 mercem
1381 1405 1565 1469 peritu-

162 1495 271 1529 ram
309 1496 414 1528 esse
450 1480 600 1528 videt.
684 1482 858 1544 Itaque
895 1482 948 1529 in
984 1482 1120 1530 cultu
1160 1481 1326 1530 divino
1360 1481 1565 1529 tristitia

161 1564 277 1622 post
292 1563 498 1620 peccata
512 1556 692 1604 decora
707 1564 782 1604 est
802 1564 851 1604 et
869 1557 1104 1605 naturalis
1125 1579 1136 1613 ;
1162 1557 1248 1605 sed
1263 1557 1465 1605 tristitia
1481 1557 1565 1605 illa

163 1648 265 1681 non
298 1633 634 1696 repugnantis,
660 1633 746 1680 sed
784 1633 1015 1696 pudentis
1047 1641 1097 1681 et
1135 1633 1380 1681 humiliati
1414 1633 1564 1681 animi

166 1724 270 1757 esse
295 1708 457 1756 debet.
529 1708 736 1766 Quarto,
757 1709 917 1757 cultus
933 1709 1085 1758 divini
1109 1709 1358 1758 rationalis
1381 1709 1564 1773 publici

164 1799 280 1848 pars
325 1790 440 1832 sunt
477 1783 625 1840 dona,
671 1784 723 1832 id
763 1791 853 1843 est,
896 1785 1135 1833 sacrificia
1180 1792 1230 1833 et
1276 1785 1563 1834 oblationes,

166 1859 392 1908 Rationis
427 1858 559 1907 enim
599 1875 700 1907 non
741 1868 831 1918 est,
866 1867 923 1908 ut
964 1861 1049 1920 illi,
1091 1878 1121 1909 a
1156 1878 1252 1925 quo
1286 1861 1565 1925 accepimus

170 1935 351 1995 omnia,
380 1935 504 1983 nihil
526 1935 871 1995 retribuamus,
897 1937 949 1984 id
972 1945 1062 1996 est,
1100 1938 1205 1985 Deo
1243 1937 1366 1985 nihil
1399 1954 1566 1985 conse-

166 2027 375 2070 cremus,
406 2011 459 2059 id
501 2018 589 2069 est,
630 2021 824 2074 partem
863 2028 1156 2076 seponamus
1190 2013 1376 2061 nullam
1413 2013 1566 2061 divini

51 2137 59 2151 ,ἢ
167 2087 330 2137 cultus
353 2087 538 2150 publici
575 2087 829 2147 ministris,
853 2104 944 2151 pro
970 2088 1209 2152 dignitate
1243 2086 1372 2137 illius
1399 2089 1566 2137 minis-

85 2161 90 2166 ’
163 2163 294 2222 terii,
336 2163 538 2211 alendis.
633 2163 772 2211 Sicut
818 2164 950 2211 enim
991 2164 1043 2212 in
1089 2165 1310 2225 ecclesia,
1353 2165 1566 2214 ministri

172 2238 356 2287 Christi
379 2239 440 2287 ab
476 2239 756 2303 evangeliis,
795 2239 848 2287 id
879 2248 968 2300 est,
993 2241 1054 2288 ab
1090 2241 1148 2289 iis
1184 2242 1329 2290 rebus
1367 2258 1476 2305 quae
1501 2242 1565 2290 ob

159 2314 354 2374 ,bonum
377 2315 606 2362 nuntium
630 2315 691 2362 ab
711 2315 988 2364 hominibus
1011 2317 1164 2380 gratis
1189 2316 1317 2365 datae
1341 2324 1497 2376 erant,
1517 2326 1568 2365 et

171 2389 303 2454 apud
322 2390 522 2439 Judaeos
546 2390 879 2455 plurimasque
907 2391 1026 2440 alias
1055 2400 1227 2456 gentes
1262 2394 1323 2441 ab
1360 2393 1568 2442 oblatio-

171 2465 316 2515 nibus
339 2472 391 2514 et
414 2465 664 2514 sacrificiis
688 2466 967 2515 sacerdotes
1004 2468 1288 2524 alebantur;
1324 2469 1395 2517 ita
1417 2470 1568 2518 ratio-

170 2541 248 2592 nis
285 2550 360 2591 est
394 2550 451 2591 ut
481 2543 533 2591 in
573 2543 706 2591 omni
739 2543 937 2591 civitate
976 2544 1190 2593 ministri
1230 2545 1392 2594 cultus
1416 2547 1569 2595 divini

172 2617 368 2667 alantur
399 2635 430 2667 a
459 2619 566 2667 Deo
586 2620 898 2679 consecratis,
923 2636 1033 2683 quae
1051 2629 1312 2684 propterea
1347 2622 1399 2670 in
1435 2624 1569 2671 omni

171 2707 351 2760 genere
374 2695 556 2744 debent
581 2712 685 2744 esse
713 2696 1086 2760 perfectissima.

235 2775 254 2819 l
269 2776 310 2819 l.
325 2770 497 2820 Cultus
512 2772 890 2836 superstitiosus,
902 2780 1102 2837 propter
1118 2772 1452 2823 diversitatem
1466 2776 1569 2840 opi-
