2020 3262
503 267 574 301 DE
604 266 841 302 orricns
856 265 1294 301 1MPERANT1UM.
1493 252 1592 305 297

702 479 916 529 CAPUT
949 477 1094 527 XIII.

354 588 415 620 DE
441 588 636 620 OFFICIIS
660 588 828 620 EORUM
853 587 935 624 QUI
960 585 1169 618 SUMMUM
1195 583 1438 616 IMPERIUM

701 662 1080 695 ADMINISTRANT.

207 740 245 776 1.
269 737 531 789 Distinguitur
547 740 685 777 summi
705 738 930 789 imperiijus
948 738 997 776 ab
1017 737 1211 775 exercitio.
1265 737 1302 775 2.
1332 734 1442 773 Salus
1467 734 1599 783 populi

255 812 432 850 suprema
449 801 522 838 lex.
575 803 612 839 3.
639 799 916 850 Imperantium
934 804 992 837 est
1009 799 1197 848 respicere
1225 796 1272 834 ad
1292 795 1495 834 utilitatem
1514 795 1597 844 plu-

257 861 355 898 rium
388 873 642 907 communem,
670 874 746 900 non
778 862 828 900 ad
855 861 969 911 hujus
988 860 1047 898 vel
1075 860 1173 897 illius
1201 858 1406 908 propriam.
1458 859 1496 895 4.
1525 855 1600 893 Per

255 921 417 960 salutem
451 922 609 972 intelligi
647 923 774 961 omnia
809 921 1021 960 commoda.
1088 923 1125 960 5.
1152 920 1347 962 Quaeritur
1381 930 1430 956 an
1466 929 1601 967 regum

257 982 427 1020 officium
455 983 505 1020 sit
535 983 646 1020 saluti
678 984 891 1021 animarum
909 983 1050 1020 civium
1068 994 1225 1019 suorum
1244 980 1457 1030 providere,
1487 983 1602 1028 prout

258 1043 349 1094 ipsis
366 1043 579 1082 secundum
599 1045 871 1082 conscientiam
890 1044 1083 1094 propriam
1099 1043 1286 1092 optimum
1307 1041 1512 1079 videbitur.
1564 1043 1603 1079 6.

260 1104 370 1143 Salus
409 1105 540 1155 populi
575 1105 614 1141 in
646 1117 724 1156 quo
751 1106 944 1143 consistat.
1002 1106 1038 1146 7.
1067 1103 1341 1154 Exploratores
1370 1102 1602 1140 necessarios

259 1178 340 1204 esse
358 1166 408 1204 ad
425 1165 686 1203 defensionem
705 1166 848 1216 populi.
904 1168 940 1204 8.
970 1165 1129 1210 Milites,
1149 1177 1266 1210 arma,
1281 1164 1468 1214 praesidia,
1487 1175 1603 1213 pecu-

258 1226 370 1265 niam'
378 1232 551 1276 tempore
569 1227 674 1276 pacis
702 1232 836 1277 parata
863 1227 1016 1272 habere,
1036 1226 1290 1264 necessarium
1319 1227 1434 1264 etiam
1461 1225 1510 1262 ad
1539 1225 1603 1262 de-

261 1286 473 1325 fensionem
491 1288 636 1337 populi.
663 1290 702 1328 9.
729 1288 854 1326 Recta
871 1288 1060 1326 institutio
1079 1287 1221 1325 civium
1238 1288 1279 1324 in
1298 1287 1472 1325 doctrina
1490 1286 1604 1329 civili,

257 1349 345 1401 paci
377 1349 646 1387 conservandae
687 1350 909 1388 necessaria.
966 1352 1026 1388 10.
1066 1348 1196 1387 Onera
1222 1349 1378 1398 publica
1408 1348 1606 1398 aequaliter

258 1409 500 1455 distribuere,
519 1410 606 1460 paci
625 1411 894 1449 conservandae
914 1410 1167 1448 conducibile.
1224 1413 1284 1448 11.
1312 1409 1522 1459 AEquitatis
1539 1421 1605 1446 na-

262 1470 397 1508 turalis
415 1483 508 1516 esse,
529 1476 571 1509 ut
589 1473 763 1521 pecuniae
782 1477 971 1517 taxentur,
991 1484 1060 1522 pro
1079 1472 1225 1509 ratione
1240 1484 1372 1508 eorum
1399 1483 1485 1522 quae
1504 1470 1606 1520 quis-

259 1544 334 1583 que
354 1533 555 1579 consumit,
574 1545 651 1570 non
671 1546 758 1584 quae
777 1534 956 1584 possidet.
987 1535 1048 1571 12.
1076 1531 1143 1570 Ad
1161 1545 1296 1582 pacem
1307 1532 1605 1570 conservandam

260 1593 490 1638 conducere,
521 1594 742 1632 ambitiosos
770 1607 970 1645 premere:
1013 1597 1074 1632 13.
1102 1594 1154 1631 Et
1181 1593 1366 1631 factiones
1387 1594 1606 1631 dissolvere.

233 1707 235 1709 Ι
262 1657 326 1695 14.
356 1655 420 1693 Ad
439 1655 729 1705 locupletandos
757 1656 860 1693 cives
889 1655 1105 1693 conducere
1130 1655 1245 1704 leges,
1265 1656 1406 1704 quibus
1423 1658 1523 1692 artes
1550 1655 1607 1692 lu-

261 1717 416 1755 crativae
435 1716 647 1762 foveantur,
663 1722 702 1754 et
716 1717 855 1767 quibus
874 1722 1021 1754 sumtus
1039 1721 1299 1754 coerceantur.
1328 1718 1390 1755 15.
1420 1715 1506 1754 Non
1527 1729 1608 1754 esse

259 1778 372 1828 plura
406 1778 555 1829 legibus
587 1778 815 1824 definienda,
854 1790 970 1828 quam
1007 1778 1174 1827 postulat
1205 1778 1346 1815 civium
1375 1783 1414 1815 et
1446 1778 1608 1815 civitatis

262 1839 518 1877 commodum.
577 1841 638 1878 16.
667 1839 805 1877 Poenas
833 1852 909 1877 non
940 1838 1103 1889 majores
1134 1839 1337 1877 sumendas
1374 1851 1490 1890 quam
1522 1852 1609 1889 quae

259 1901 411 1952 legibus
428 1901 628 1951 praefinitae
645 1906 746 1939 sunt.
802 1902 862 1943 17.
892 1900 1051 1939 Civibus
1070 1905 1204 1939 contra
1225 1900 1377 1951 judices
1406 1905 1608 1950 corruptos

255 1962 322 2014 jus
339 1962 590 2001 reddendum.

217 2047 258 2090 l.
294 2041 596 2090 APPARENT
642 2058 703 2090 ex
750 2043 986 2090 hactenus
1032 2041 1176 2090 dictis
1221 2042 1273 2090 in
1314 2057 1609 2106 unoquoque
1648 2066 1779 2101 SECT,
1798 2067 1870 2100 111,

212 2117 425 2166 civitatis
459 2133 640 2181 genere
674 2118 841 2181 officia
873 2117 1052 2166 civium
1095 2125 1145 2166 et
1185 2118 1522 2174 subditorum3
1559 2125 1610 2166 et
1735 2119 1785 2150 ¹3·

210 2192 332 2256 quid
371 2193 548 2240 summi
585 2193 883 2257 imperantes
906 2194 959 2241 in
994 2209 1078 2242 eos
1093 2195 1313 2258 possint.
1384 2195 1610 2258 Ipsorum
1627 2213 1858 2264 1)ἱε.ι”ιιιμιιίιιιι-η

211 2275 378 2318 autem
400 2269 748 2332 imperantium
771 2270 953 2332 officia,
979 2277 1029 2318 et
1053 2286 1149 2333 quo
1181 2270 1329 2319 modo
1364 2270 1416 2319 in
1450 2271 1611 2320 subdi·
1623 2266 1694 2339 5⁵:1¹?
1689 2258 1734 2329 ἒξ
1746 2258 1893 2329 ζ’ζξῐῖξζζο,

146 2380 147 2383 η
210 2352 288 2394 tos
324 2361 496 2410 gerere
538 2362 589 2394 se
631 2345 859 2405 debeant,
884 2346 1106 2394 nondum
1130 2346 1317 2395 dictum
1341 2354 1431 2395 est.
1501 2348 1611 2395 Dis—

211 2421 537 2486 tinguendum
561 2429 726 2470 autem
750 2430 823 2470 est
856 2422 986 2470 inter
1013 2423 1190 2471 summi
1226 2423 1415 2487 imperii
1447 2425 1539 2487 jus
1563 2432 1614 2472 et

213 2497 506 2546 exercitium
527 2515 545 2552 ;
579 2505 784 2560 possunt
808 2497 939 2545 enim
974 2499 1216 2562 separari3
1252 2507 1310 2547 ut
1333 2506 1466 2562 puta,
1501 2516 1612 2547 cum

214 2571 270 2632 is,
295 2572 379 2636 qui
400 2572 551 2621 habet
570 2573 676 2635 jue,
701 2573 779 2620 vel
802 2589 902 2621 non
924 2574 1080 2636 possit
1103 2574 1180 2622 vel
1203 2574 1329 2622 nolit
1350 2575 1516 2622 litibus
1535 2577 1614 2639 ju-

215 2647 435 2696 dicandis
450 2648 528 2696 vel
543 2648 688 2696 rebus
705 2648 1033 2697 deliberandis
1049 2649 1153 2713 ipse
1167 2650 1417 2698 interesse.
1455 2651 1614 2715 Reges

216 2723 346 2774 enim
368 2724 632 2788 aliquando
650 2741 739 2788 per
755 2732 951 2773 aetatem
967 2741 1046 2773 res
1068 2742 1238 2790 gerere
1257 2743 1358 2775 non
1380 2736 1611 2790 possunt;

219 2799 512 2864 quandoque
537 2800 700 2858 etiam,
726 2801 817 2849 etsi
854 2808 1074 2864 possunt,
1099 2802 1278 2850 rectius
1320 2811 1486 2862 tamen
1510 2819 1614 2851 esse

215 2874 454 2941 judicant,
481 2877 701 2925 contenti
727 2877 963 2926 electione
998 2877 1332 2927 ministrorum
1369 2887 1420 2927 et
1457 2874 1614 2928 consi-
