2020 3262
175 363 303 395 SECT.
326 363 375 394 Π.

254 414 302 445 13.

143 875 190 904 Ab
203 877 336 914 opinione

143 927 230 956 quam
249 921 323 957 quis-

142 971 198 999 que
212 963 299 992 habet
312 964 347 992 de
361 973 406 993 se:

433 222 519 263 114
954 234 1023 266 DE
1052 234 1291 268 HoM1NE.

425 341 561 388 nium
584 342 702 390 facit
722 359 874 403 come,
898 352 1160 408 propterea
1186 345 1316 408 quod
1338 345 1389 392 in
1414 345 1672 393 tribuendo
1697 346 1798 394 cui-

427 433 519 480 que
554 417 803 478 honorem,
834 426 941 467 tuto
964 420 1087 483 largi
1121 428 1170 467 et
1204 420 1402 483 benigni
1439 436 1543 467 esse
1578 429 1796 483 possunt,

426 509 535 540 cum
560 492 710 540 debiti
751 495 944 541 sibimet
978 495 1092 557 ipsis
1127 495 1325 542 honoris
1361 496 1478 543 satis
1503 496 1598 543 sint
1623 497 1796 545 securi.

425 567 705 615 Nobilitatis
738 584 877 616 novae
916 569 1167 631 ingenium
1204 569 1358 632 magis
1383 577 1458 616 est
1481 570 1718 633 suspicax,
1742 578 1799 618 ut

425 642 522 704 qui,
557 643 772 690 nondum
811 644 927 696 satis
963 644 1085 690 certi
1110 651 1319 706 quantus
1343 644 1501 692 honor
1524 645 1615 693 sibi
1651 646 1799 693 tribui

425 717 585 776 debet,
625 718 750 764 fiunt
789 734 956 765 versus
994 719 1244 766 inferiores
1277 735 1403 781 saepe
1441 720 1584 767 nimis
1625 721 1798 784 asperi,

423 808 590 840 versus
614 793 821 855 aequales
845 794 987 840 nimis
1006 794 1281 842 verecundi.

491 874 537 915 6.
575 869 650 915 Ab
685 869 912 931 opinione
953 885 1097 931 quam
1120 870 1268 916 habet
1307 870 1508 932 quisque
1538 870 1598 917 de
1623 870 1796 933 seipso.

425 943 544 990 Inde
582 943 711 990 enim
747 944 803 990 fit
838 951 893 990 ut
931 944 1014 1006 qui
1054 944 1145 991 sibi
1168 944 1394 992 videntur
1429 945 1684 1008 sapientes,
1708 961 1799 993 nee

427 1025 555 1076 sunt,
591 1018 842 1080 ingenium
879 1019 942 1065 ad
984 1035 1070 1066 sua
1108 1019 1326 1082 ipsorum
1356 1020 1476 1067 vitia
1511 1021 1799 1083 corrigenda

422 1094 640 1156 ineptum
660 1094 885 1141 habeant.
955 1094 1069 1141 Non
1093 1095 1221 1141 enim
1238 1095 1287 1141 in
1311 1095 1478 1157 seipsis
1498 1111 1601 1142 esse
1624 1103 1799 1158 putant

424 1168 555 1231 quod
592 1169 769 1231 corrigi
793 1169 950 1216 debet.
1009 1170 1206 1227 Contra,
1247 1170 1310 1216 ad
1333 1171 1536 1217 aliorum
1569 1171 1701 1218 facta
1722 1171 1799 1219 vel

423 1243 724 1305 corrigenda,
741 1244 818 1291 vel
840 1244 1173 1306 vituperanda,
1189 1245 1266 1292 vel
1285 1245 1548 1293 deridenda
1560 1247 1798 1309 proclives

423 1324 551 1375 sunt,
571 1324 627 1364 ut
650 1318 748 1379 qui,
769 1319 1002 1381 quicquid
1023 1320 1205 1367 factum
1221 1320 1388 1368 vident
1410 1329 1588 1384 praeter
1605 1328 1798 1369 senten-

421 1391 540 1438 tiam
563 1408 715 1451 suam,
740 1409 840 1440 non
863 1401 995 1441 recte
1018 1394 1202 1442 factum
1223 1403 1413 1458 putant.
1483 1397 1656 1460 Itaque
1681 1398 1798 1446 civi-

421 1474 573 1514 tatem
591 1468 738 1515 etiam
760 1469 885 1515 male
901 1470 1161 1531 gubernari
1180 1471 1471 1530 existimant,
1497 1488 1604 1534 quae
1625 1489 1727 1520 non
1743 1481 1800 1520 ut

421 1542 514 1605 ipsi
549 1543 719 1590 volunt
741 1544 1070 1606 gubernatum
1107 1552 1156 1592 et
1191 1561 1280 1608 per
1304 1562 1603 1609 consequens
1638 1547 1701 1595 ad
1716 1563 1799 1596 res

421 1634 570 1665 novas
595 1619 784 1666 caeteris
803 1620 1078 1667 hominibus
1094 1621 1304 1684 aptiores
1324 1628 1450 1669 sunt.
1504 1623 1700 1681 Eorum,
1717 1623 1799 1686 qui

421 1694 511 1741 sibi
538 1694 770 1742 videntur
805 1695 952 1754 docti,
977 1696 1109 1743 idem
1144 1704 1217 1744 est
1254 1697 1533 1760 ingenium3
1569 1698 1799 1746 videntur

421 1769 549 1816 enim
573 1770 663 1816 sibi
686 1770 925 1832 sapientes
945 1792 956 1826 ;
990 1787 1104 1818 nam
1129 1771 1324 1819 doctum
1344 1788 1463 1830 esse,
1483 1772 1576 1820 nisi
1599 1773 1796 1821 doctum

421 1844 484 1892 ad
519 1845 822 1907 sapientiam,
846 1862 990 1893 nemo
1026 1853 1238 1909 cuperet.
1309 1848 1440 1895 Hinc
1462 1849 1519 1895 fit
1542 1855 1599 1896 ut
1633 1849 1796 1911 paeda-

420 1920 538 1982 gogi
569 1920 830 1982 saepissime
860 1920 1057 1983 ingenio
1086 1921 1182 1969 sint
1205 1923 1422 1970 censorio
1447 1931 1496 1970 et
1519 1923 1582 1970 ad
1604 1923 1796 1970 convic-

420 2002 526 2041 tum
549 1994 732 2052 odioso,
756 2002 813 2042 ut
846 1996 950 2058 qui,
971 2012 1081 2043 cum
1106 1996 1283 2044 electos
1319 2013 1370 2044 se
1392 1997 1590 2045 videant
1612 1998 1676 2045 ad
1697 1998 1795 2045 for-

421 2069 622 2116 mandos
646 2086 803 2117 mores
826 2086 1101 2132 puerorum,
1124 2072 1206 2119 vix
1223 2073 1469 2120 abstinent
1493 2089 1522 2120 a
1545 2073 1795 2120 censendis

419 2145 634 2192 moribus
674 2145 890 2207 ipsorum
943 2154 1154 2208 patrum,
1195 2148 1374 2195 nedum
1421 2148 1792 2197 conviventium.

418 2219 578 2275 Etiam
624 2220 707 2282 qui
748 2220 1039 2268 adhibentur
1080 2222 1143 2269 ad
1181 2223 1419 2285 regendos
1452 2223 1673 2270 doctrina
1709 2239 1796 2272 sua

418 2310 579 2342 mores
614 2295 847 2357 publicos,
872 2296 1102 2343 nimirum
1126 2297 1350 2345 doctores
1387 2298 1615 2357 ecclesiae,
1639 2299 1793 2346 nesci-

418 2377 649 2432 entesque
673 2386 702 2417 a
739 2386 834 2433 quo
872 2370 935 2417 ad
957 2371 1278 2419 ministerium
1302 2379 1491 2420 tantum
1515 2380 1792 2432 evocantur,

418 2445 548 2506 ipsos
571 2460 711 2507 reges
731 2453 781 2492 et
798 2446 1017 2494 ecclesiae
1040 2455 1252 2494 rectores
1277 2463 1488 2495 summos
1506 2463 1535 2494 a
1554 2463 1604 2494 se
1622 2462 1794 2511 regen-

420 2519 506 2566 dos
525 2536 629 2567 esse
646 2521 923 2582 postulant3
958 2522 1056 2570 imo
1081 2537 1180 2569 non
1203 2523 1398 2584 regibus
1422 2530 1472 2569 et
1494 2522 1569 2580 iis,
1589 2539 1794 2585 quorum

419 2609 547 2641 curae
571 2595 698 2641 salus
722 2596 886 2658 populi
911 2612 940 2643 a
963 2596 1066 2644 Deo
1092 2597 1348 2644 commissa
1370 2605 1458 2655 est,
1483 2597 1568 2644 sed
1590 2598 1681 2644 sibi
1704 2599 1794 2645 im-

418 2669 628 2717 mediate
652 2686 681 2717 a
705 2670 808 2717 Deo
844 2687 1019 2718 munus
1053 2672 1173 2719 illud
1206 2687 1485 2719 concessum
1518 2688 1619 2719 esse
1642 2673 1795 2721 videri

418 2743 604 2802 volunt,
630 2760 817 2792 summo
856 2762 967 2792 cum
1003 2746 1217 2809 periculo
1255 2746 1477 2794 civitatis.
1548 2747 1792 2805 Similiter,

418 2818 468 2875 ii,
493 2819 575 2880 qui
599 2836 627 2867 a
652 2820 848 2867 civitate
884 2821 1130 2884 eliguntur
1153 2821 1214 2869 ad
1254 2822 1702 2884 interpretationem
1725 2823 1793 2871 le-
