1994 3256
358 268 429 301 DE
457 268 683 302 OBJECTI
707 267 845 301 Loco
872 266 1212 313 APPARENTE,
1233 269 1350 304 Ero.
1489 261 1547 305 19

171 375 304 428 sunt,
329 368 561 418 distantia
577 376 770 433 sumpta
787 369 837 416 in
853 376 989 418 recta
1011 370 1249 433 positione
1269 370 1397 430 data,
1415 388 1550 437 mag-
1599 405 1727 439 SEU-1..
1748 406 1800 440 Η.

169 444 362 506 nitudo,
387 453 437 494 et
458 447 646 510 figura3
683 445 858 509 quibus
882 445 1021 504 datis,
1042 445 1187 494 datur
1211 447 1390 510 objecti
1412 448 1548 498 locus
1681 457 1712 490 ³-
1811 508 1820 512 ‚

166 536 325 570 verus,
395 522 582 585 Itaque,
616 521 656 569 si
692 520 833 569 detur
864 522 1042 585 objecti
1074 522 1126 570 in
1148 530 1285 570 recta
1305 523 1547 587 positione
1564 550 1660 580 Locus
1677 551 1809 589 imagini,

167 597 282 647 data
323 597 553 647 distantia
602 614 854 662 apparens,
889 599 1175 663 magnitudo
1210 615 1461 663 apparenS,
1499 608 1548 649 et
1563 595 1829 676 ζᾙξὸζξῗζζ-

165 673 326 738 figura
348 690 603 740 apparens,
628 674 771 723 datur
795 692 988 740 quoque
1006 675 1140 724 locus
1164 676 1267 740 ejus
1292 692 1544 740 apparens.
1561 661 1818 753 fffi⁰l⁰0i0ss29tfi

233 751 314 800 Ad
349 750 696 815 magnitudinis
731 752 1009 816 apparentis
1044 752 1389 817 cognitionem,
1425 769 1545 817 opus
1562 733 1814 819 ag‘fffgrffiqnssm

167 841 268 876 non
305 834 385 877 ost
410 827 505 876 hoe
543 827 652 876 loco
689 828 1040 877 dimensionem
1072 828 1378 878 considerare
1402 829 1547 878 aliam
1561 810 1618 840 ¹⁰⁰¹
1653 811 1825 850 “mmm'’

161 911 342 968 praeter
370 904 742 968 longitudinem,
775 905 875 954 sive
908 905 1086 953 lineam
1119 905 1317 954 ductam
1351 906 1412 954 ab
1446 922 1545 955 uno

162 980 437 1045 superficiei
476 981 686 1030 termino
727 981 791 1029 ad
830 981 1053 1030 alterum.
1123 981 1252 1030 Nam
1294 998 1354 1030 ex
1394 998 1547 1046 quan·
1604 984 1607 987 ’

161 1056 304 1105 titate
321 1056 537 1121 plurium
549 1057 786 1106 linearum
805 1057 1113 1122 cognoscitur
1132 1058 1380 1122 quantitas
1396 1058 1545 1122 ipsius

159 1132 433 1196 superficiei
449 1149 558 1197 quae
582 1133 732 1182 oculis
752 1133 1034 1182 obvertitur.
1087 1133 1364 1197 Longitudo
1380 1142 1545 1183 autem

157 1207 299 1258 lineae
322 1209 520 1259 visibilis
544 1226 782 1275 apparens
816 1218 889 1259 est
922 1226 994 1270 ea,
1024 1226 1133 1274 quae
1156 1210 1467 1274 sequentibus
1485 1211 1543 1259 li-

157 1301 264 1335 neae
282 1285 486 1336 ductum
508 1295 712 1352 apparet
732 1287 860 1336 inter
877 1287 1111 1336 terminos
1135 1288 1237 1351 ejus
1262 1287 1507 1336 distantia.

226 1369 273 1412 2.
311 1363 370 1412 In
393 1363 610 1429 qualibet
630 1364 759 1412 linea
782 1363 906 1412 sumi
923 1370 1085 1427 potest
1100 1379 1212 1427 pars
1231 1364 1394 1428 aliqua
1416 1364 1538 1413 adeo
1558 1373 1647 1403 Linea
1656 1377 1749 1413 potest
1761 1385 1823 1406 esse

157 1439 348 1504 exigua,
363 1449 421 1489 ut
437 1456 526 1505 per
543 1456 594 1489 se
612 1441 796 1489 nuHam
813 1441 1012 1489 omnino
1031 1440 1179 1488 faciat
1195 1440 1269 1488 sui
1284 1440 1534 1489 visionem.
1548 1421 1823 1499 jfflssnmiriiiiaff

155 1516 246 1564 Est
268 1516 400 1565 enim
422 1517 487 1565 ad
510 1517 783 1566 sensionem
818 1516 1092 1565 faciendam
1122 1516 1174 1564 in
1203 1516 1335 1564 omni
1359 1516 1537 1580 objecti
1554 1506 1809 1587 ssguffuffiffi‘g

157 1591 219 1641 ab
243 1593 385 1642 oculo
407 1594 678 1643 remotione
713 1594 859 1643 certa*
877 1593 1100 1658 quaedam
1123 1599 1173 1640 et
1194 1593 1335 1640 finita
1356 1593 1428 1640 vis
1451 1608 1537 1640 ne·
1554 1595 1617 1632 ejus
1630 1594 1684 1624 fiat
1697 1595 1800 1624 θωὴ-

159 1670 370 1719 cessario
411 1671 659 1734 requisita,
701 1671 772 1719 ita
810 1677 865 1718 ut
908 1670 1067 1718 minor
1113 1685 1184 1729 ea,
1221 1669 1311 1717 etsi
1347 1677 1540 1719 moveat

159 1762 344 1811 organa
383 1747 598 1807 visionis,
637 1763 736 1796 non
770 1754 935 1795 tamen
969 1745 1257 1794 sensibiliter
1290 1745 1342 1794 id
1375 1746 1536 1795 faciat.

157 1822 286 1870 Nam
311 1823 559 1887 objectum
582 1823 847 1887 quodlibet,
862 1822 1079 1870 lucidum
1100 1822 1178 1871 vel
1195 1822 1535 1882 illuminatum,

160 1905 411 1963 utcunque
434 1907 638 1960 motum,
662 1899 715 1947 id
737 1906 825 1959 est,
850 1899 1092 1947 actionem
1109 1915 1246 1947 suam
1268 1899 1319 1947 in
1343 1899 1537 1948 oculum

155 1975 220 2024 ad
253 1975 612 2040 quantamlibet
649 1975 930 2024 distantiam
956 1983 1208 2039 propaget,
1240 1991 1340 2023 non
1370 1983 1536 2024 tamen

156 2051 221 2100 ad
260 2068 454 2101 omnem
501 2052 780 2102 distantiam
818 2052 972 2101 videri
1007 2059 1182 2117 potest.
1250 2053 1314 2100 Et
1354 2059 1536 2116 quanto

155 2130 342 2193 majora
363 2137 477 2179 sunt
499 2131 692 2194 objecta
713 2130 820 2195 pari
841 2130 891 2178 vi
912 2130 1108 2178 luminis
1130 2129 1351 2194 praedita,
1375 2128 1537 2193 quoad

153 2205 493 2266 intensionem,
513 2214 651 2255 tanto
678 2205 830 2255 videri
851 2213 1015 2270 potest
1049 2222 1080 2254 a
1113 2205 1223 2254 loco
1259 2205 1534 2253 remotiore.

158 2283 256 2332 Sed
278 2283 531 2347 quodlibet
554 2284 799 2347 objectum
823 2282 1060 2332 divisibile
1079 2288 1152 2330 est
1168 2282 1220 2330 in
1241 2289 1404 2346 partes
1426 2297 1536 2345 per-

154 2368 305 2424 petuo
343 2359 620 2408 divisibiles.
693 2359 872 2419 Quare,
907 2358 1137 2407 infinities
1155 2358 1380 2422 repetita
1413 2358 1536 2407 divi-

155 2436 308 2496 sione,
333 2436 616 2501 pervenitur
637 2435 835 2484 tandem
866 2435 930 2484 ad
959 2442 1151 2500 partem
1185 2441 1288 2483 tam
1311 2434 1535 2498 exiguam

154 2520 212 2562 ut
234 2513 307 2562 vis
331 2513 435 2577 ejus
458 2513 628 2562 sentiri
650 2528 749 2560 non
771 2512 938 2576 possit.

225 2587 546 2638 Manifestum
570 2589 717 2638 etiam
745 2596 834 2649 est,
870 2587 1049 2652 objecti
1081 2595 1260 2653 parteS,
1297 2603 1405 2651 quae
1438 2587 1536 2637 sin-

158 2667 287 2731 gulae
310 2683 496 2731 organa
519 2666 716 2730 quidem
739 2674 938 2715 movent
968 2665 1055 2714 sed
1083 2665 1317 2714 visionem
1340 2664 1413 2713 sui
1436 2681 1536 2713 non

154 2743 356 2804 faciunt,
381 2743 624 2793 confertas
647 2751 813 2791 tamen
836 2748 886 2791 et
903 2743 1010 2805 conj
1017 2742 1176 2790 unctis
1192 2741 1375 2790 viribus
1391 2741 1535 2790 visio—

151 2834 266 2868 nem
287 2820 465 2881 facere,
489 2836 589 2869 non
623 2820 839 2884 ipsarum
871 2818 1068 2882 quidem
1098 2818 1327 2883 partium,
1352 2817 1438 2867 sed
1462 2824 1536 2866 to-

153 2895 251 2946 tius
278 2897 410 2961 quod
433 2913 492 2946 ex
514 2897 608 2946 illis
630 2897 687 2946 fit
710 2895 976 2960 aggregati.

1330 2984 1359 3020 0
1383 2980 1403 3012 2
