2020 3262
0 0 76 256 tx

0 273 41 306 40⁵*

329 245 401 279 DE
429 243 618 278 REGNo
646 242 742 276 DEI
769 241 876 275 PER
902 239 1124 275 PAc‘rUM
1152 241 1374 275 NovUM.
1446 230 1544 274 393

163 377 166 379 ’
234 359 309 413 17.
345 358 409 406 Et
432 356 630 420 quidem
652 353 791 403 verbi
815 352 932 411 Dei,
956 368 1056 400 non
1082 368 1176 399 vox
1201 358 1250 399 et
1273 352 1418 399 litera
1442 351 1556 400 doc-
1596 375 1815 409 SECT,111‚

159 433 304 482 trinae
338 433 630 482 Christianae
665 446 823 479 canon
858 436 946 487 est,
975 427 1062 476 sed.
1095 428 1340 475 sententia
1367 444 1482 475 vera
1506 434 1556 475 et
1684 428 1732 458 1⁷·

160 509 401 574 genuina;
435 524 538 557 non
562 507 694 556 enim
727 505 915 569 regitur
949 504 1141 552 animus
1163 519 1252 567 per
1277 503 1555 566 Scripturas
1574 521 1706 571 yerbum
1718 522 1841 559 legitimi

159 585 254 633 nisi
275 585 565 634 intellectas.
636 581 903 646 Scripturis
938 580 1106 644 igitur,
1129 586 1187 627 ut
1219 581 1344 627 fiant
1379 566 1843 637 canon,{¹1²1{2¹1¹‡1¹,ff⁵{s{‚f¹³¹‘'

159 660 428 725 interprete
452 676 574 724 opus
599 666 688 707 est.
759 657 991 721 Sequitur
1019 664 1183 704 autem
1205 655 1321 703 hinc
1346 655 1557 703 duorum
1575 653 1696 681 verbum
1712 653 1774 681 De*-

159 737 383 796 alterum,-
406 743 492 784 aut
525 737 730 784 verbum
762 733 1042 797 interpretis
1077 749 1182 781 esse
1216 732 1422 780 verbum
1446 731 1555 789 Dei,

159 819 246 862 aut
267 828 506 861 canonem
525 811 762 860 doctrinae
783 809 1076 858 Christianae
1099 825 1199 856 non
1225 823 1329 855 esse
1353 807 1557 854 verbum

157 889 266 938 Dei.
337 889 531 937 Horum
569 886 812 952 posterius
857 885 1035 933 falsum
1077 900 1181 932 esse
1217 899 1415 931 necesse
1453 890 1556 938 est;

158 964 397 1013 doctrinae
421 964 568 1023 enim,
594 978 702 1026 quae
723 961 860 1009 nulla
885 961 1077 1008 ratione
1100 961 1331 1018 humana,
1357 958 1444 1007 sed
1466 974 1556 1022 per

157 1041 506 1089 revelationem
541 1039 756 1087 divinam
786 1044 980 1086 tantum
1014 1037 1129 1085 sciri
1165 1044 1344 1100 potest,
1386 1035 1559 1098 regula

157 1133 264 1165 esse
293 1134 396 1166 non
429 1122 592 1180 potest
623 1115 717 1163 nisi
742 1114 922 1162 divina.
995 1113 1157 1162 Quem
1181 1113 1311 1161 enim
1342 1112 1558 1160 fatemur

157 1193 281 1242 scire
304 1209 405 1242 non
426 1207 586 1256 posse,
609 1208 673 1239 an
706 1189 934 1238 doctrina
967 1189 1132 1253 aliqua
1155 1205 1273 1237 vera
1297 1188 1361 1236 sit
1382 1203 1556 1245 necne,

157 1270 262 1333 ejus
277 1268 571 1318 sententiam
587 1267 640 1314 in
654 1266 826 1315 eadem
842 1265 1068 1314 doctrina
1080 1281 1170 1329 pro
1186 1264 1358 1328 regula
1375 1264 1558 1312 habere

154 1344 453 1409 impossibile
488 1351 580 1391 est.
650 1342 789 1390 Prius
823 1341 976 1406 igitur
1010 1357 1182 1389 verum
1217 1347 1320 1388 est:
1359 1339 1558 1388 verbum

156 1420 455 1485 interpretis
481 1418 847 1482 Scripturarum
872 1433 976 1465 esse
1000 1417 1197 1465 verbum
1220 1416 1338 1465 Dei.

228 1502 303 1546 18.
340 1497 592 1559 Interpres
617 1503 783 1543 autem
814 1494 870 1553 is,
895 1495 1034 1557 cujus
1070 1493 1326 1542 sententiae
1361 1499 1555 1540 tantum
1574 1497 1743 1526 Auctoritas
1755 1499 1842 1526 inter-

154 1572 354 1622 honoris
390 1570 623 1630 defertur,
652 1577 709 1618 ut
741 1571 981 1618 habeatur
1013 1586 1104 1633 pro
1139 1569 1287 1617 verbo
1312 1569 1429 1628 Dei,
1452 1584 1555 1616 non
1571 1543 1843 1619 fifssnssdesffgt,

1571 1638 1637 1666 quae
1649 1629 1841 1657 determinan-

155 1658 232 1698 est
254 1647 463 1712 quilibet
486 1647 571 1710 qui
605 1662 666 1694 ex
699 1646 869 1710 lingua
898 1646 1112 1694 Hebraea
1136 1653 1188 1694 et
1211 1646 1383 1694 Graeca
1403 1644 1554 1693 vertit
1571 1673 1601 1701 αἱ
1615 1673 1684 1702 fidei
1698 1676 1809 1702 coum„

157 1725 463 1789 Scripturam
480 1722 786 1771 auditoribus
805 1722 904 1770 suis
923 1722 1127 1779 Latinis,
1143 1722 1317 1770 Latine
1337 1743 1350 1778 ;
1387 1721 1554 1780 Gallis,
1570 1717 1688 1745 venia*

73 1840 86 1854 .
155 1801 369 1856 Gallice3
405 1807 457 1848 et
494 1799 683 1847 caeteris
721 1798 925 1862 singulis
961 1799 1253 1854 vernacule;
1288 1815 1390 1847 non
1423 1798 1556 1846 enim

155 1884 231 1925 est
252 1877 348 1925 hoc
370 1875 700 1940 interpretari.
771 1875 859 1923 Est
895 1875 1026 1922 enim
1062 1891 1121 1923 ea
1149 1874 1418 1923 universim
1454 1890 1555 1922 ser-

154 1953 314 2002 monis
357 1959 550 2011 natura,
589 1958 646 1999 ut
687 1966 984 2014 quamquam
1022 1951 1153 1999 inter
1189 1951 1344 2015 signa,
1378 1951 1557 2014 quibus

155 2037 423 2093 conceptus
479 2034 676 2076 nostros
735 2026 841 2074 aliis
897 2026 1235 2090 patefacimus,
1280 2026 1556 2090 principem

153 2107 317 2155 locum
333 2113 598 2163 mereatur,
617 2120 719 2152 non
738 2111 905 2151 tamen
927 2103 980 2151 id
1001 2119 1180 2151 munus
1203 2103 1400 2167 explere
1424 2103 1556 2151 solus

154 2183 259 2232 sine
282 2199 376 2246 ope
399 2181 667 2229 multarum
698 2179 1176 2228 circumstantiarum
1206 2178 1379 2243 possit.
1451 2179 1558 2226 Ha-

153 2260 240 2307 bet
272 2259 404 2307 enim
434 2258 546 2306 viva
567 2274 664 2306 vox
685 2264 953 2320 praesentes
986 2256 1296 2320 interpretes,
1320 2255 1556 2303 nimirum

153 2342 363 2399 tempus,
386 2334 566 2392 locum,
589 2333 796 2391 vultum,
828 2339 1039 2396 gestum,
1065 2332 1323 2380 consilium
1349 2331 1556 2394 loquen-

153 2412 232 2469 tis,
256 2418 405 2475 atque
425 2409 574 2458 etiam
592 2409 768 2472 ipsum,
794 2408 878 2472 qui
908 2408 1143 2472 loquitur,
1168 2408 1387 2456 animum
1411 2423 1555 2455 suum

153 2488 261 2537 aliis
296 2487 475 2545 verbis,
516 2486 707 2550 quoties
739 2501 862 2549 opus
893 2492 982 2543 est,
1015 2485 1356 2549 explicantem.
1428 2483 1555 2532 Haec

152 2562 573 2628 interpretationis
608 2561 895 2625 adjumenta
929 2561 982 2608 in
1014 2561 1211 2625 scriptis
1247 2559 1428 2608 veteris
1462 2559 1555 2608 aevi

154 2639 431 2688 desiderata
460 2653 706 2696 revocare,
738 2653 898 2700 neque
928 2636 1116 2701 ingenii
1143 2636 1433 2700 quotidiani,
1466 2651 1554 2683 ne-

154 2732 249 2780 que
277 2716 382 2764 sine
422 2701 699 2762 erlsditione
733 2720 783 2762 et
818 2729 985 2762 rerum
1017 2713 1333 2777 antiquarum
1364 2727 1556 2761 summa

153 2792 344 2856 peritia,
369 2791 570 2840 omnino
597 2790 783 2854 ingenii
814 2796 903 2838 est.
973 2789 1089 2838 Non
1113 2789 1293 2837 sufficit
1316 2789 1467 2853 igitur
1490 2788 1554 2837 ad

154 2868 612 2932 interpretationem
661 2867 1042 2932 Scripturarum,
1079 2875 1136 2915 ut
1178 2867 1287 2931 quis
1332 2867 1553 2930 linguam
