2020 3262
536 262 608 295 DE
636 259 894 294 INGENHS
922 259 989 292 ET
1016 258 1286 292 MORIBUS.
1517 246 1608 298 117

211 386 308 435 que
332 371 544 420 civitatis
566 371 728 434 leges;
753 385 868 417 nam
892 368 1025 431 leges
1050 368 1312 427 naturales,
1339 369 1610 417 constituta
1654 393 1783 424 SECT,
1811 393 1860 424 11,

211 446 428 507 civitate,
453 447 618 511 legum
641 445 855 494 civilium
877 444 1005 491 fiunt
1026 459 1156 507 pars.
1205 445 1380 507 Neque
1403 443 1610 506 impedit
1737 445 1783 474 ¹3·

210 538 310 586 quo
324 522 485 571 minus
499 522 571 570 ita
584 521 663 580 sit,
673 520 807 584 quod
820 519 1090 567 innumerae
1104 519 1218 577 sint,
1229 526 1279 566 et
1294 518 1412 567 olim
1425 518 1609 568 fuerint
1643 532 1787 561 Mensura

211 598 436 647 civitates
469 599 670 647 diversis
701 597 906 660 legibus.
977 596 1299 659 Quaecunque
1330 594 1462 642 enim
1493 603 1608 643 sunt
1643 575 1826 604 m⁰m¹¹¹¹⁰¹'

209 674 359 738 leges,
375 675 482 723 illas
495 675 627 738 leges
640 690 740 722 non
756 672 940 720 violare
955 687 1148 735 semper
1162 678 1213 719 et
1227 670 1409 733 ubique
1427 670 1608 718 civium

209 750 366 798 virtus
379 751 548 798 habita
565 758 654 809 est,
675 739 724 797 et
743 748 939 796 easdem
957 747 1206 811 negligere
1223 747 1412 795 vitium.
1440 746 1607 795 Quare

209 825 303 874 etsi
339 826 560 874 actiones
594 824 835 889 quaedam,
872 839 982 886 quae
1014 822 1064 870 in
1098 839 1197 870 una
1231 822 1430 870 civitate
1459 823 1607 886 justae

201 908 339 960 sunt,
363 901 414 950 in
438 901 534 949 alia
550 901 649 950 sint
672 901 881 964 injustae,
901 898 1095 962 justitia
1112 906 1293 956 tamen,
1313 898 1366 946 id
1391 908 1482 956 est,
1507 915 1607 946 non

207 977 392 1026 violare
409 977 557 1041 leges,
572 978 754 1040 ubique
772 975 945 1024 eadem
963 983 1038 1023 est
1052 982 1103 1022 et
1118 975 1227 1023 erit.
1252 974 1421 1022 Virtus
1440 982 1606 1022 autem

208 1053 422 1112 moralis,
443 1069 590 1117 quam
609 1052 807 1117 quidem
831 1067 1114 1099 mensurare
1137 1067 1395 1114 possumus
1418 1051 1607 1115 legibus

209 1129 446 1188 civilibus,
472 1146 582 1194 quae
602 1128 805 1176 diversis
824 1127 1104 1176 civitatibus
1123 1127 1328 1176 diversae
1347 1135 1478 1187 sunt,
1503 1127 1608 1175 sola

208 1213 283 1253 est
310 1205 504 1268 justitia
534 1213 582 1253 et
619 1206 854 1268 aequitas;
891 1220 1039 1268 quam
1070 1212 1237 1252 autem
1267 1220 1606 1252 mensuramus

206 1296 296 1344 per
318 1281 452 1345 leges
475 1297 609 1329 mere
632 1281 898 1340 naturales,
925 1281 1139 1328 charitas
1164 1280 1270 1328 sola
1293 1289 1383 1329 est.
1439 1281 1606 1344 Atque

207 1355 258 1404 in
275 1356 352 1405 his
370 1356 560 1405 duabus
575 1357 857 1404 continetur
876 1357 1033 1404 omnis
1049 1357 1205 1404 virtus
1220 1372 1430 1404 morum.
1458 1355 1607 1406 Quod

207 1440 373 1482 autem
390 1433 571 1481 attinet
593 1433 657 1481 ad
674 1434 882 1481 virtutes
900 1433 1018 1480 alias
1037 1441 1138 1481 tres
1156 1441 1336 1496 praeter
1348 1432 1605 1496 justitiam,

209 1525 330 1573 quas
351 1518 533 1558 vocant
562 1509 850 1567 cardinales,
866 1509 1242 1571 fortitudinem,
1261 1509 1604 1573 prudentiam,

208 1591 260 1633 et
283 1587 681 1650 temperantiam,
706 1602 806 1634 non
835 1593 949 1634 sunt
972 1586 1069 1634 illae
1098 1586 1277 1634 civium
1307 1584 1530 1643 virtutes,
1554 1591 1610 1632 ut

209 1660 404 1721 civium,
434 1661 522 1710 sed
551 1669 608 1709 ut
639 1662 924 1716 hominum3
957 1670 1014 1709 ut
1039 1678 1148 1725 quae
1172 1678 1272 1710 non
1295 1669 1397 1709 tam
1421 1660 1609 1709 civitati

209 1754 357 1801 quam
370 1736 488 1802 ipsis
501 1738 781 1786 hominibus
801 1738 1143 1802 singularibus,
1161 1738 1244 1802 qui
1262 1738 1392 1801 ipsas
1408 1738 1608 1795 habent,

208 1813 354 1862 utiles
368 1820 498 1862 sunt.
532 1813 716 1862 Civitas
731 1814 878 1872 enim,
898 1813 1024 1861 sicut
1039 1814 1132 1861 nisi
1149 1830 1237 1877 per
1250 1812 1607 1871 fortitudinem,

208 1889 539 1953 prudentiam,
563 1897 614 1937 et
638 1889 1015 1952 temperantiam
1037 1890 1281 1937 bonorum
1304 1889 1485 1937 civium
1507 1905 1609 1937 non

210 1974 546 2025 conservatur,
570 1965 642 2013 ita
670 1965 763 2013 nisi
791 1981 880 2029 per
907 1965 1265 2025 fortitudinem,
1295 1965 1609 2029 prudentiam

211 2048 262 2090 et
276 2041 655 2105 temperantiam
671 2041 887 2089 hostium
906 2057 1007 2090 non
1022 2041 1309 2099 destruitur„
1337 2042 1463 2089 Sunt
1478 2041 1610 2089 enim

209 2125 316 2166 tum
332 2116 589 2175 fortitudo,
608 2127 713 2164 tum
732 2116 1009 2180 prudentia,
1024 2116 1098 2164 vis
1113 2114 1263 2165 animi
1276 2117 1441 2181 potius
1462 2134 1610 2181 quam

209 2194 404 2243 bonitas
428 2210 623 2242 morum
642 2215 652 2246 ;
690 2200 740 2241 et
762 2193 1089 2256 temperantia
1115 2193 1327 2256 privatio
1349 2193 1514 2257 potius
1537 2193 1611 2240 vi-

209 2270 407 2328 tiorum,
449 2286 558 2333 quae
584 2269 811 2317 oriuntur
847 2269 908 2316 ab
942 2268 1151 2333 ingeniis
1189 2269 1394 2332 cupidis,
1434 2269 1610 2333 quibus

167 2386 170 2388 .
211 2361 312 2395 non
335 2345 533 2394 laeditur
562 2345 750 2403 civitas,
781 2344 869 2392 sed
892 2344 999 2408 ipsi,
1032 2361 1180 2408 quam
1214 2345 1364 2393 virtus
1394 2344 1608 2393 moralis.

213 2422 284 2471 Ut
320 2421 452 2470 enim
483 2421 602 2469 civis
639 2420 797 2469 omnis
837 2421 1024 2468 bonum
1065 2437 1207 2468 suum
1249 2421 1341 2469 sibi
1379 2421 1611 2485 privatim

211 2498 390 2556 habet3
426 2498 497 2547 ita
531 2505 582 2545 et
615 2498 788 2545 civitas
821 2497 1006 2545 bonum
1043 2513 1185 2545 suum
1220 2497 1312 2545 sibi
1342 2497 1609 2561 publicum.

212 2572 388 2639 Neque
409 2589 527 2622 vero
550 2573 894 2621 fortitudinem
919 2580 968 2621 et
990 2573 1304 2636 prudentiam
1321 2573 1501 2637 privati
1522 2574 1613 2622 ho-

211 2650 373 2709 minis,
398 2650 440 2698 si
463 2649 557 2714 ipsi
575 2649 665 2697 soli
688 2649 832 2696 utiles
856 2648 970 2707 sint,
990 2665 1020 2696 a
1038 2649 1320 2697 civitatibus
1344 2656 1429 2697 aut
1452 2665 1482 2697 a
1505 2649 1613 2714 qui-

211 2726 375 2776 busvis
391 2725 498 2777 aliis
510 2724 807 2784 hominibus,
817 2724 992 2788 quibus
1007 2724 1192 2772 eaedem
1206 2724 1351 2773 utiles
1366 2741 1468 2773 non
1482 2732 1612 2785 sunt,

213 2801 418 2859 laudari,
446 2800 499 2848 id
527 2808 616 2859 est,
645 2817 735 2863 pro
763 2800 947 2847 virtute
978 2800 1148 2847 haberi
1179 2800 1418 2863 postulari
1451 2800 1612 2849 debet.

217 2877 314 2941 Sed
335 2884 490 2926 totam
518 2876 646 2925 hanc
680 2875 955 2924 doctrinam
988 2876 1048 2924 de
1080 2876 1299 2924 moribus
1322 2883 1372 2924 et
1397 2876 1616 2943 ingeniis
