2020 3262
250 375 378 407 SECT.
400 375 468 408 ΙΙΙ.

347 427 395 456 17.

228 2009 367 2038 Ecclesiae
389 2010 487 2047 plures

225 2053 457 2090 significationes.

511 233 606 276 394
1075 244 1325 278 RELIGIO.

510 357 697 416 calleat,
713 373 809 422 qua
830 358 1112 423 loquuntur.
1175 360 1346 422 Neque
1363 359 1602 422 interpres
1620 359 1887 424 Scripturae
1957 347 1960 351 ’

510 432 772 481 canonicus
815 434 1144 498 unusquisque
1182 442 1268 493 est,
1308 434 1391 497 qui
1430 434 1799 483 commentarios
1830 435 1887 483 in

509 523 590 555 eas
631 508 815 557 scribit.
883 510 1090 557 Possunt
1124 509 1253 556 enim
1292 508 1512 557 homines
1546 525 1734 565 errare3
1771 526 1883 574 pos-

508 589 622 631 sunt
644 583 789 631 etiam
816 600 923 632 eam
939 585 1015 632 vel
1038 584 1101 632 ad
1124 583 1437 631 ambitionem
1460 599 1596 631 suam
1618 584 1881 644 inflectere,

507 659 585 706 vel
607 658 659 706 in
682 660 964 707 servitutem
986 659 1283 723 praejudiciis
1303 659 1400 706 suis
1418 659 1611 707 trahere
1635 660 1781 708 etiam
1809 676 1884 708 re-

506 741 806 797 pugnantem
823 756 836 791 ;
871 735 1000 782 unde
1018 742 1261 798 sequetur,
1279 735 1552 782 habendam
1571 750 1673 782 esse
1691 743 1884 784 senten-

509 809 628 857 tiam
674 825 925 858 erroneam
969 826 1058 873 pro
1104 809 1249 857 verbo
1296 810 1412 857 Dei.
1479 810 1682 858 Etiamsi
1720 818 1887 859 autem-

508 884 729 932 accidere
752 886 847 934 hoc
869 903 968 934 non
991 893 1171 949 posset,
1191 893 1355 933 tamen
1373 885 1541 933 statim
1561 892 1618 933 ut
1639 901 1885 934 commen-

507 966 692 1008 tatores
726 961 778 1008 hi
812 961 1132 1019 discesserint,
1163 960 1500 1008 commentarii
1535 976 1703 1008 eorum
1734 961 1887 1025 expli-

509 1035 798 1091 cationibus,
839 1043 890 1083 et
927 1035 1226 1099 procedente
1265 1042 1501 1098 tempore,
1543 1035 1886 1099 explicationes

509 1111 907 1173 expositionibus,
955 1112 1278 1174 expositiones
1332 1111 1471 1158 novis
1527 1111 1888 1159 commentariis

507 1185 798 1248 indigebunt
816 1187 917 1233 sine
935 1187 1028 1234 fine
1045 1208 1056 1242 ;
1091 1193 1148 1234 ut
1161 1187 1293 1234 nullo
1308 1186 1454 1234 modo
1471 1186 1706 1234 doctrinae
1724 1186 1889 1234 Chris-

506 1261 654 1308 tianae
672 1277 828 1308 canon
843 1261 942 1308 sive
959 1261 1142 1324 regula,
1161 1278 1257 1323 qua
1278 1261 1621 1309 controversiae
1639 1261 1889 1325 religionis

509 1335 890 1383 determinandae
919 1336 1031 1394 sint,
1054 1337 1315 1384 consistere
1349 1337 1503 1399 possit
1525 1337 1575 1384 in
1600 1352 1891 1400 quacunque

507 1410 908 1472 interpretatione
946 1411 1142 1474 scripta.
1212 1412 1400 1470 Restat,
1440 1419 1497 1459 ut
1531 1412 1771 1476 interpres
1807 1428 1889 1460 ca-

507 1485 713 1533 nonicus
738 1485 912 1533 debeat
935 1501 1038 1533 esse
1058 1486 1249 1549 aliquis,
1269 1489 1405 1550 cujus
1421 1503 1597 1535 munus
1614 1487 1888 1550 legitimum

508 1560 572 1608 sit
594 1567 724 1608 ortas
748 1561 1118 1619 controversias,
1143 1561 1337 1608 verbum
1359 1561 1459 1608 Dei
1482 1562 1534 1609 in
1555 1561 1671 1624 ipsis
1689 1562 1887 1625 judiciis

508 1635 812 1699 explicando,
835 1636 1097 1684 terminare
1117 1657 1129 1692 ;
1166 1644 1215 1684 et
1238 1637 1373 1699 cujus
1395 1643 1654 1700 propterea
1675 1638 1888 1686 auctori-

506 1711 598 1758 tati
616 1710 843 1758 standum
857 1726 957 1758 non
976 1711 1136 1759 minus
1157 1712 1235 1768 sit,
1256 1728 1402 1774 quam
1419 1727 1602 1771 eorum,
1623 1712 1707 1776 qui
1721 1713 1887 1777 Scrip-

506 1793 667 1834 turam
690 1786 844 1849 ipsam
868 1801 957 1848 pro
978 1802 1162 1834 canone
1184 1786 1299 1834 fidei
1321 1786 1466 1849 primi
1481 1786 1625 1834 nobis
1640 1803 1886 1836 commen-

507 1861 745 1909 daverunt
770 1882 782 1916 ;
834 1861 1060 1924 idemque
1112 1862 1175 1910 sit
1222 1861 1474 1925 interpres
1519 1861 1799 1926 Scriptnroe
1834 1870 1890 1911 et

505 1936 849 1984 doctrinarum
873 1937 1089 1998 omnium
1096 1936 1259 1999 judex
1282 1953 1555 2001 supremus.

576 2018 650 2059 19.
689 2011 835 2060 Quod
857 2011 921 2059 ad
943 2028 1122 2059 nomen
1153 2012 1330 2060 attinet
1353 2011 1589 2071 ecclesiae,
1614 2012 1675 2060 ab
1698 2010 1885 2076 origine

503 2087 634 2134 idem
680 2095 820 2135 sonat
866 2087 998 2150 quod
1043 2088 1215 2135 Latine
1257 2087 1441 2146 concio,
1480 2087 1580 2136 sive
1616 2095 1884 2136 conventus

503 2163 696 2221 civium,
713 2162 838 2210 sicut
854 2169 903 2210 et
916 2162 1235 2210 ecclesiastes
1254 2162 1385 2210 idem
1403 2163 1535 2226 quod
1549 2162 1882 2220 concionator,

502 2238 555 2285 id
585 2245 673 2297 est,
698 2238 738 2285 is
770 2239 853 2301 qui
886 2238 948 2285 ad
979 2245 1271 2286 conventum
1300 2238 1529 2300 loquitur.
1600 2238 1710 2287 Quo
1738 2253 1883 2285 sensu

502 2314 708 2377 legimus
742 2314 794 2361 in
827 2314 964 2361 Actis
986 2314 1333 2377 Apostolorum
1362 2313 1479 2375 (xix.
1506 2319 1585 2372 32,
1611 2311 1695 2375 39)
1722 2311 1881 2360 eccle-

502 2390 629 2437 siam
652 2389 906 2453 confusa-m
939 2396 989 2437 et
1011 2389 1271 2436 ecclesiam
1308 2388 1598 2453 legitimam,
1634 2388 1760 2436 hanc
1790 2402 1882 2450 pro
1956 2395 1959 2397 ’

505 2474 637 2513 coetu
677 2472 959 2524 convocato,
1007 2465 1140 2512 illam
1179 2481 1270 2528 pro
1308 2479 1548 2512 concursu
1586 2461 1751 2526 populi
1793 2477 1883 2524 per

503 2540 782 2587 tumultum.
841 2540 1082 2587 Caeterum
1100 2555 1187 2602 per
1205 2538 1463 2586 ecclesiam
1487 2536 1881 2584 Christianorum

503 2615 556 2661 in
571 2615 823 2678 Scriptura
835 2615 984 2662 Sacra
998 2614 1287 2677 intelligitur
1301 2613 1545 2661 interdum
1559 2611 1752 2675 quidem
1765 2626 1886 2658 con-

503 2697 693 2748 ventus,
713 2689 959 2737 interdum
975 2705 1091 2737 vero
1115 2689 1207 2752 ipsi
1232 2688 1506 2746 Christiani,
1533 2686 1621 2734 etsi
1643 2701 1742 2732 non
1765 2693 1888 2733 actu

504 2765 803 2827 congregati,
829 2764 1068 2827 siquidem
1090 2764 1142 2811 in
1162 2774 1343 2811 coetum
1367 2762 1567 2810 introire
1591 2767 1641 2809 et
1664 2776 1881 2808 commu-

503 2839 666 2887 nicare
704 2856 814 2888 cum
856 2839 1163 2902 congregatis
1201 2853 1482 2887 concessum
1513 2836 1588 2884 sit.
1657 2835 1886 2899 Exempli
