1994 3276
434 243 531 286 408
997 254 1239 288 numero.

175 383 304 415 SECT.
325 384 392 417 111,
434 362 690 425 introitum
728 365 780 412 in
816 381 1167 430 quemcumque
1205 372 1384 414 coetum
1420 381 1598 428 negare
1631 372 1807 428 potest,

188 434 379 502 „L
434 447 519 486 aut
540 436 796 501 prohibere
827 456 888 488 ne
918 441 1065 489 faciat
1090 441 1319 505 quicquid
1342 442 1392 488 in
1420 457 1507 488 sua
1525 440 1707 488 ditione
1724 456 1809 488 vo-

154 522 360 574 Expomnjuffi-
434 513 594 562 luerit.
663 516 749 563 Est
778 516 907 563 enim
942 517 1125 565 crimen
1153 518 1280 565 laesae
1311 516 1577 579 majestatis
1605 516 1655 563 in
1679 514 1810 563 omni

152 568 391 647 ieritssfflsslssldztre
436 589 646 649 civitate,
688 590 781 638 civi
828 591 1112 654 cuicunque,
1154 592 1231 639 vel
1275 598 1583 654 quotcunque
1629 590 1811 638 civibus

152 662 211 681 ”⁰¹¹
225 657 327 691 ⁹⁰⁰⁸&
437 664 593 724 simul,
617 666 955 714 auctoritatem
974 666 1065 713 sibi
1084 682 1436 729 quamcumque
1454 666 1505 713 in
1521 671 1676 713 totam
1698 664 1813 714 civi-

436 747 588 788 tatem
624 756 868 803 arrogare.
941 741 1038 789 Qui
1060 757 1176 788 vero
1215 741 1555 788 auctoritatem
1582 746 1814 803 arrogant

437 815 527 863 sibi
551 816 602 863 in
626 832 736 863 eum
768 816 850 878 qui
876 816 1024 863 habet
1048 816 1254 864 civitatis
1279 833 1518 863 summum
1540 815 1812 878 imperium,

437 890 641 938 eandem
676 898 907 954 arrogant
945 892 995 938 in
1034 891 1187 954 ipsam
1228 891 1488 939 civitatem.
1558 891 1812 949 Praeterea,

436 966 661 1029 princeps
699 982 926 1025 summus,
965 967 1005 1013 si
1037 966 1338 1014 Christianus
1370 967 1448 1025 sit,
1480 966 1574 1013 hoc
1610 965 1814 1028 amplius

436 1042 598 1099 habet,
618 1048 674 1088 ut
697 1041 880 1099 civitas,
898 1042 1034 1103 cujus
1056 1041 1278 1089 voluntas
1302 1041 1578 1089 continetur
1599 1040 1651 1087 in
1664 1039 1815 1103 ipsius

436 1116 702 1174 voluntate,
739 1115 790 1163 id
825 1115 983 1178 ipsum
1021 1115 1084 1163 sit
1122 1116 1252 1179 quod
1281 1132 1508 1164 vocamus
1540 1115 1814 1163 eeclesiam.

438 1191 694 1238 Neminem
718 1190 867 1252 igitur
891 1191 1278 1238 excommunicat
1301 1191 1528 1249 ecelesia,
1554 1190 1647 1238 nisi
1671 1205 1816 1252 quem

438 1265 826 1313 excommunicat
843 1266 1133 1313 auctoritate
1156 1266 1402 1330 principis.
1474 1265 1570 1313 Sed
1591 1265 1817 1328 princeps

437 1357 536 1388 non
574 1340 957 1387 eoo-communicat
987 1341 1212 1403 seipsum,
1236 1357 1336 1389 non
1367 1341 1516 1405 igitur
1550 1356 1818 1388 excommu-

437 1415 603 1462 nicari
625 1421 788 1477 potest
815 1431 844 1461 a
877 1414 1080 1462 subditis
1109 1416 1222 1464 suis.
1292 1417 1458 1463 Potest
1482 1415 1675 1479 quidem
1699 1430 1816 1473 esse,

436 1497 493 1537 ut
543 1497 698 1537 coetus
739 1489 917 1537 civium
958 1490 1211 1537 rebellium
1249 1491 1327 1538 vel
1364 1491 1668 1554 proditorum
1703 1506 1818 1553 pro-

437 1564 639 1612 nunciet
658 1563 928 1627 principem
948 1580 1190 1613 summum
1208 1581 1311 1614 esse
1329 1566 1785 1613 excommunicatum
1798 1583 1817 1619 ;

440 1639 526 1687 sed
560 1656 661 1687 non
686 1639 825 1701 jure.
894 1639 1054 1687 Multo
1092 1640 1251 1688 minus
1288 1641 1511 1703 princeps
1548 1657 1577 1688 a
1602 1640 1819 1704 principe

439 1714 851 1762 excommunicari
886 1722 1076 1777 potest:
1126 1723 1254 1763 esset
1290 1716 1419 1763 enim
1456 1716 1566 1772 hoc,
1602 1731 1700 1763 non
1735 1732 1820 1762 ex-

441 1788 823 1847 communicatiO,
849 1789 930 1836 sed
963 1790 1124 1852 potius
1149 1791 1350 1838 indictio
1385 1790 1499 1838 belli
1534 1806 1622 1854 per
1658 1790 1822 1838 convi-

441 1865 585 1912 cium.
637 1865 764 1911 Nam
780 1881 892 1912 cum
908 1881 1006 1912 una
1022 1881 1122 1912 non
1141 1865 1204 1913 sit
1223 1865 1436 1913 ecelesia
1461 1882 1569 1929 quae
1584 1865 1823 1913 conflatur

442 1956 501 2000 ex
526 1939 711 1986 civibus
735 1938 941 1986 duarum
975 1939 1227 1987 civitatum
1255 1940 1599 1998 absolutarum,
1624 1944 1824 2003 propter

443 2014 687 2061 defectum
722 2013 794 2072 (ut
828 2014 1011 2061 dictum
1045 2030 1190 2077 supra
1219 2021 1291 2062 est
1323 2015 1526 2063 articulo
1550 2016 1635 2078 22)
1662 2022 1823 2078 potes-

442 2089 556 2136 tatis
593 2088 685 2134 rite
727 2088 1045 2136 conveniendi
1086 2089 1136 2136 in
1177 2106 1328 2136 unum
1369 2098 1583 2145 coetum;
1618 2090 1703 2148 illi,
1742 2089 1824 2152 qui

443 2164 585 2211 unius
618 2164 834 2211 ecclesiae
875 2171 1002 2222 sunt,
1037 2181 1137 2211 non
1170 2172 1401 2212 tenentur
1436 2165 1647 2213 obedire
1668 2164 1821 2222 alteri,

444 2255 603 2302 neque
639 2255 754 2301 ergo
788 2246 986 2302 propter
1010 2240 1392 2288 inobedientiam
1415 2247 1618 2304 possunt
1635 2256 1830 2288 excom-⁴

444 2314 699 2361 municari.
788 2315 933 2363 Quod
967 2323 1131 2362 autem
1177 2315 1309 2363 dicat
1341 2315 1530 2378 aliquis,
1564 2314 1821 2378 principes,

444 2405 556 2436 cum
580 2389 803 2436 ecclesiae
827 2390 1123 2437 universalis
1147 2392 1364 2438 membra
1381 2391 1493 2449 sint,
1512 2406 1652 2454 posse
1676 2389 1823 2436 etiam

443 2464 742 2512 universalis
792 2464 1013 2512 eeclesioe
1054 2466 1345 2513 auctoritate
1398 2463 1823 2519 excommunicari,

443 2539 603 2586 locum
646 2555 744 2586 11011
783 2539 959 2594 habet3
999 2548 1256 2603 propterea
1298 2540 1430 2603 quod
1468 2539 1677 2587 ecclesia
1718 2538 1822 2585 uni-

444 2613 657 2662 versalis
691 2613 767 2675 (ut
799 2614 983 2661 dictum
1018 2621 1090 2662 est
1125 2615 1329 2663 articulo
1367 2616 1449 2677 22)
1484 2631 1582 2662 11011
1619 2621 1691 2662 est
1725 2630 1823 2660 una

435 2704 676 2752 persona,
711 2688 771 2736 de
804 2705 899 2752 qua
927 2690 1079 2752 possit
1115 2690 1211 2738 dici
1252 2691 1383 2753 quod
1399 2690 1611 2754 fecerit,
1653 2689 1824 2736 decre-

444 2764 588 2822 verit,
630 2765 880 2823 statuerit,
922 2766 1425 2825 excommunicaverit,
1466 2764 1748 2822 absolverit,
1774 2771 1824 2810 et

446 2838 619 2886 similia
656 2840 959 2902 personalia3
1010 2857 1165 2903 neque
1213 2842 1364 2889 habet·
1399 2847 1633 2887 rectorem
1672 2839 1823 2887 ullum
