1982 3256
441 261 503 305 80
967 277 1038 310 DE
1065 278 1305 312 HOMINE.

186 402 384 436 smmum,
436 398 525 445 per
560 383 634 431 IF
657 385 720 432 ad
755 385 1000 449 dioptrum
1042 390 1249 438 alterum
1284 390 1334 437 in
1359 391 1409 438 F.
1481 391 1710 441 Similiter
1736 410 1813 443 re-

264 455 296 486 9·
434 457 674 522 fringatur
688 461 850 510 radius
875 463 915 510 Β
932 465 976 510 Κ
1001 464 1051 511 in
1071 465 1136 521 H,
1152 473 1411 529 secentque
1430 466 1452 513 I
1468 467 1520 525 F,
1542 468 1586 515 K
1605 467 1651 514 H
1673 484 1812 517 axem

435 534 650 596 opticum
694 536 745 583 in
785 538 839 585 G.
915 539 1165 588 Postremo
1198 541 1529 604 refringantur
1569 543 1657 601 IF,
1699 544 1744 591 K
1761 545 1809 592 H

432 609 495 657 ad
518 626 658 658 axem
694 612 909 674 opticum
931 629 1019 676 per
1038 615 1074 661 F
1089 615 1151 674 N,
1179 616 1226 662 H
1244 617 1306 662 N.
1359 616 1615 664 Videbitur
1645 617 1811 682 itaque

429 692 666 747 punctum
685 687 732 733 N
757 687 982 736 distincte
1006 689 1055 736 in
1074 706 1164 737 axe
1188 691 1234 738 N
1250 691 1294 738 D
1311 691 1350 738 C
1372 698 1574 754 propter
1596 692 1810 741 rationes

429 760 649 821 proxime
681 777 826 824 supra
844 762 1127 812 declaratas.
1186 765 1315 812 Nam
1337 765 1461 813 radii
1483 782 1570 828 per
1594 782 1716 829 quos
1737 767 1810 814 vi-

430 833 622 882 videtur
659 836 722 895 N,
764 853 938 900 nempe
980 838 1026 885 N
1043 840 1115 886 FI
1134 839 1178 887 A
1195 840 1247 898 C,
1279 841 1325 887 N
1346 841 1394 888 H
1412 842 1455 888 K
1473 841 1512 888 B
1530 841 1583 900 C,
1625 848 1675 889 et
1707 834 1809 890 axis

430 910 619 971 opticus
640 911 686 958 N
706 912 749 959 D
767 912 820 970 C,
846 922 1145 962 concurrunt
1167 915 1218 962 in
1234 923 1417 978 puncto
1443 916 1497 975 C,
1523 924 1573 964 et
1602 916 1808 979 proinde

428 984 556 1033 linea
571 986 765 1035 visualis
788 987 880 1035 illis
905 989 1059 1037 tribus
1083 989 1230 1037 radiis
1258 991 1553 1053 respondens
1594 992 1719 1054 (cap.
1746 1007 1805 1040 11.

428 1067 504 1107 art
528 1061 579 1121 2)
608 1061 700 1108 erit
722 1062 823 1124 ipse
848 1063 949 1110 axis
973 1064 1189 1127 opticus:
1225 1065 1390 1128 itaque
1413 1074 1649 1129 punctum
1684 1066 1731 1113 N
1755 1067 1806 1115 in

428 1135 528 1182 solo
544 1152 632 1183 axe
647 1138 913 1199 apparebit,
929 1138 980 1185 id
995 1147 1083 1197 est,
1101 1139 1359 1198 videbitur,
1377 1148 1614 1203 quantum
1629 1149 1806 1189 natura

424 1218 661 1273 punctum
684 1212 838 1259 videri
859 1213 1056 1276 patitur,
1081 1214 1456 1263 distinctissime.

146 1291 183 1320 111
196 1291 355 1330 *elescopiis
492 1291 538 1333 4.
575 1286 834 1349 Dioptrum
858 1304 1139 1347 concavum,
1172 1297 1354 1352 quanto
1383 1290 1582 1338 minoris
1602 1290 1803 1354 sphaerae

146 1338 254 1372 quanto
265 1336 409 1372 dioptrum

144 1378 410 1428 „ancptumocmo
426 1360 585 1422 portio
621 1368 709 1416 est,
735 1369 888 1420 tanto,
924 1370 980 1410 ut
1017 1364 1263 1426 objectum
1302 1365 1529 1413 distincte
1565 1365 1800 1426 videatur,

143 1421 410 1500 ffi-'Jsejfssssffifffi
429 1435 605 1482 distare
629 1451 659 1482 a
682 1436 874 1498 dioptro
899 1453 1113 1485 convexo
1137 1439 1329 1501 longius
1355 1439 1513 1488 debet.

142 1507 302 1586 ffagssfflsse
297 1507 410 1578 {2122}
494 1510 568 1558 Sit
586 1510 657 1571 (in
671 1511 828 1573 figura
840 1513 1004 1573 tertia)
1028 1513 1195 1560 oculus
1215 1514 1257 1559 A
1273 1514 1312 1560 B
1323 1514 1376 1572 C,
1393 1522 1615 1562 centrum
1630 1516 1800 1565 retinae

144 1592 235 1621 debet·
426 1585 486 1643 D,
512 1584 614 1632 axis
637 1585 826 1647 opticus
862 1586 909 1633 N
927 1586 980 1643 C,
1003 1586 1249 1649 dioptrum
1290 1605 1554 1636 concavum
1578 1591 1661 1637 IK
1677 1590 1731 1638 M
1747 1591 1799 1651 P,

423 1661 559 1722 cujus
584 1667 805 1707 centrum
829 1660 882 1707 L.
951 1660 1211 1723 Dioptrum
1230 1677 1496 1710 convexum
1515 1664 1557 1711 G
1572 1665 1637 1722 H,
1662 1666 1798 1728 cujus

423 1742 646 1783 centrum
666 1735 724 1782 Ο.
794 1735 1053 1797 Objectum
1090 1743 1254 1783 autem
1295 1737 1342 1784 N
1377 1737 1428 1784 in
1464 1754 1553 1785 axe
1586 1739 1798 1801 positum

421 1811 645 1858 videatur
669 1810 896 1858 distincte
918 1827 1006 1873 per
1023 1811 1211 1859 radium
1237 1812 1283 1859 N
1300 1812 1379 1860 GI
1399 1813 1437 1859 A
1459 1813 1515 1861 C.
1583 1813 1693 1862 Jam
1713 1815 1798 1862 ab-

420 1886 519 1932 lato
544 1885 735 1948 dioptro
771 1886 793 1932 Ι
814 1887 858 1933 K
878 1886 932 1933 M
949 1886 1000 1944 P,
1028 1893 1077 1933 et
1115 1887 1167 1934 in
1200 1887 1360 1934 locum
1385 1889 1487 1950 ejus
1532 1889 1797 1938 substituto

421 1961 615 2023 dioptro
659 1961 745 2008 IK
765 1961 812 2009 Q
827 1962 871 2008 R
910 1962 1135 2024 portione
1170 1963 1372 2025 sphaerae
1408 1963 1623 2023 minoris,
1659 1965 1796 2028 cujus

419 2043 642 2083 centrum
666 2036 727 2084 sit
749 2036 808 2094 V,
828 2036 1035 2084 ducatur
1056 2037 1099 2083 V
1113 2038 1154 2084 T
1177 2053 1344 2084 secans
1367 2038 1411 2086 A
1427 2039 1450 2086 Ι
1473 2039 1524 2086 in
1546 2039 1601 2086 T.
1661 2039 1795 2088 Quo—

418 2111 549 2158 niam
573 2127 689 2174 ergo
708 2112 912 2174 angulus
932 2112 1260 2160 inclinationis
1284 2113 1408 2160 radii
1431 2114 1476 2160 A
1495 2115 1518 2161 I
1543 2122 1618 2161 est
1639 2114 1679 2162 L
1695 2115 1717 2161 I
1732 2115 1791 2173 A,

417 2186 577 2233 minor
601 2187 784 2233 scilicet
808 2203 953 2251 quam
976 2188 1181 2250 angulus
1203 2189 1247 2235 V
1261 2189 1302 2236 T
1317 2189 1362 2236 A
1387 2190 1469 2252 qui
1492 2196 1565 2237 est
1587 2190 1793 2252 angulus

417 2261 742 2308 inclinationis
765 2261 890 2308 radii
905 2263 944 2308 A
962 2263 1018 2320 T,
1034 2264 1189 2325 major
1213 2264 1305 2311 erit
1329 2265 1532 2327 angulus
1555 2264 1791 2312 refractus

416 2336 540 2383 radii
563 2337 608 2383 A
624 2337 665 2384 T
698 2337 895 2384 refracti
929 2338 980 2384 in
1003 2346 1187 2400 puncto
1210 2340 1266 2398 T,
1292 2356 1436 2402 quam
1476 2339 1680 2402 angulus
1714 2356 1790 2387 re-

416 2411 601 2459 fractus
624 2411 748 2458 radii
783 2412 864 2459 ΑΙ
900 2413 1096 2460 refracti
1136 2414 1187 2461 in
1211 2415 1249 2461 Ι.
1320 2415 1394 2462 Sit
1411 2416 1512 2477 jam
1545 2414 1668 2462 radii
1690 2408 1791 2463 AT

416 2487 653 2534 refractus
677 2487 718 2534 T
740 2487 787 2534 X
810 2508 821 2542 ;
857 2490 1011 2550 magis
1036 2503 1151 2551 ergo
1177 2488 1395 2552 diverget
1428 2490 1488 2536 ab
1513 2505 1602 2536 axe
1626 2490 1789 2552 optico

416 2561 457 2608 T
475 2562 522 2608 X
547 2578 691 2624 quam
723 2562 816 2609 IG.
887 2563 1001 2610 Non
1023 2571 1188 2626 potest
1211 2580 1326 2627 ergo
1350 2565 1391 2611 T
1413 2565 1461 2611 X
1484 2564 1552 2612 ita
1573 2564 1788 2612 incidere

415 2636 466 2683 in
492 2636 737 2704 dioptrum
761 2637 803 2684 G
818 2638 883 2696 H,
907 2645 964 2685 ut
994 2638 1290 2702 refringatur
1312 2639 1375 2686 ad
1409 2655 1547 2686 axem
1571 2640 1786 2702 opticum

414 2711 464 2758 in
489 2719 672 2773 puncto
696 2713 759 2771 N,
785 2713 870 2760 sed
903 2720 988 2760 aut
1021 2714 1165 2761 altius
1189 2721 1272 2761 aut
1300 2730 1399 2761 non
1421 2714 1617 2762 omnino
1639 2733 1649 2761 :
1685 2731 1785 2763 non

415 2802 531 2848 ergo
570 2786 639 2833 sic
671 2787 914 2835 videbitur
946 2796 1182 2851 punctum
1219 2789 1265 2836 N
1301 2789 1539 2837 distincte.
1609 2790 1786 2838 Remo-

414 2859 624 2907 vendum
649 2869 722 2908 est
744 2861 894 2924 igitur
917 2863 1162 2926 dioptrum
1186 2863 1228 2911 G
1246 2864 1293 2911 H
1317 2864 1507 2927 longius
1542 2880 1571 2912 a
1594 2864 1785 2928 dioptro
