1994 3256
511 263 582 297 DE
609 262 780 298 LINEA
804 261 1050 308 vlsnALI,
1076 263 1194 298 Ero.
1483 253 1541 306 17

157 374 318 424 stabili
353 376 677 440 quiescenteS,
703 376 868 426 videre
906 377 1069 425 omnia
1105 376 1298 440 objecta
1336 376 1543 426 visibilia

156 451 329 500 eodem
350 453 498 502 modo
521 460 670 513 mota,
695 469 793 516 quo
817 452 910 517 ipsi
932 452 1162 501 fluctibus
1185 451 1307 500 moti
1329 451 1540 501 fuerant.

156 527 294 577 Idem
321 529 501 578 accidit
532 529 591 578 iis
619 544 826 592 quorum
855 529 1056 578 cerebra
1077 528 1239 577 nimiis
1262 527 1362 576 vini
1393 544 1541 592 vapo-

154 603 289 654 ribus
312 612 428 654 sunt
449 605 652 670 agitata.

223 682 371 732 Quod
392 682 571 731 attinet
586 682 657 731 'ad
679 698 778 742 eos,
795 682 878 747 qui
896 681 1072 746 jactati
1089 681 1289 730 fuerunt
1313 680 1543 730 fluctibus

153 758 368 818 marinis,
403 758 529 806 ratio
565 759 668 822 ejus
701 758 774 806 rei
810 758 1016 806 difficilis
1050 774 1151 807 non
1192 763 1279 806 est.
1351 757 1479 805 Nam
1514 774 1544 806 a

154 834 278 883 mari
311 833 508 899 jactatis
540 841 690 898 caput
719 836 936 899 jactatur
958 850 1154 898 unaque
1178 833 1449 893 cerebrum,
1474 841 1541 893 et,

154 924 263 974 quae
301 926 414 975 pars
454 911 558 975 ejus
591 917 680 969 est,
715 927 893 960 nervus
928 911 1134 975 opticus,
1173 926 1381 975 quaeque
1404 910 1544 958 nervi

153 986 305 1050 optici
336 987 608 1037 substantia
644 994 719 1037 est
742 988 1043 1048 continuata,
1067 994 1175 1036 tota
1203 987 1395 1043 retina3
1434 1002 1543 1050 quae

152 1061 205 1111 in
238 1063 313 1123 iis,
349 1063 433 1128 qui
458 1064 675 1128 'expositi
714 1081 741 1113 e
780 1081 904 1113 nave
946 1071 1076 1124 sunt,
1117 1080 1219 1112 non
1262 1063 1429 1112 statim
1466 1078 1542 1110 re-

151 1139 425 1203 quiescunt.
495 1141 789 1205 Ubicunque
830 1140 981 1204 igitur
1026 1140 1193 1189 radius
1241 1140 1301 1188 ab
1349 1140 1543 1203 objecto

151 1215 327 1265 incidit
361 1216 413 1265 in
449 1217 674 1275 retinam,
699 1217 977 1266 resistentia
1005 1216 1066 1264 ab
1100 1232 1159 1265 ea
1185 1217 1258 1275 fit,
1295 1215 1382 1264 sed
1411 1222 1546 1263 mota

152 1291 216 1340 ad
250 1286 440 1341 motum
475 1293 746 1350 fluctuum;
790 1309 940 1358 quare
977 1293 1140 1357 imago
1176 1293 1371 1356 objecti,
1408 1293 1546 1356 cujus

151 1375 379 1417 naturam
392 1369 444 1417 in
459 1385 517 1418 ea
530 1370 809 1419 resistentia
823 1370 1090 1419 consistere
1109 1385 1257 1434 supra
1275 1368 1544 1424 docuimUS,

151 1451 286 1493 mota
325 1445 420 1494 erit
459 1445 632 1494 eodem
667 1453 820 1495 motu.
891 1447 950 1494 In
984 1446 1042 1495 iis
1084 1453 1264 1505 autem,
1305 1445 1389 1510 qui
1427 1445 1543 1493 vino

152 1521 337 1570 madidi
371 1529 500 1583 sunt,
536 1539 684 1572 causa
716 1523 997 1587 hujusmodi
1034 1530 1196 1572 motus
1237 1523 1289 1570 in
1327 1539 1385 1570 eo
1427 1538 1546 1569 con-

152 1598 322 1647 sistere
343 1598 554 1658 videtur,
579 1599 713 1663 quod
734 1615 954 1663 vaporeS,
975 1599 1058 1663 qui
1075 1616 1106 1647 a
1123 1598 1373 1648 stomacho
1390 1597 1543 1646 nimio

150 1675 267 1723 vino
320 1675 590 1724 calescente
643 1676 916 1724 ascendunt
960 1676 1012 1723 in
1060 1677 1330 1734 cerebrum,
1382 1675 1544 1738 ipsum

152 1751 358 1817 agitant,¹
427 1751 629 1815 Agitato
671 1749 834 1799 autem
876 1753 1093 1811 cerebro,
1134 1768 1334 1800 necesse
1375 1758 1448 1799 est
1487 1759 1544 1800 ut

151 1826 367 1891 agitetur
403 1843 583 1875 nervus
612 1827 805 1890 opticus
830 1827 1031 1891 ipsaque
1062 1827 1253 1884 retina;
1290 1827 1421 1875 unde
1457 1843 1543 1875 ne-

152 1920 287 1952 cesse
311 1911 386 1952 est
408 1903 595 1952 moveri
618 1919 828 1968 quoque,
848 1912 1086 1968 quantum
1103 1903 1167 1952 ad
1189 1903 1541 1968 apparentiam,

151 1981 311 2044 ipsum
335 1981 596 2044 objectum.
666 1980 744 2028 Ita
766 1980 901 2028 nulla
922 1981 1002 2029 hic
1021 1980 1282 2029 difficultas
1305 1986 1543 2037 remanet,

151 2056 246 2104 nisi
269 2057 380 2120 quis
404 2056 597 2104 dubitet
619 2072 683 2104 an
706 2073 737 2104 a
757 2056 909 2105 nimio
932 2057 1046 2105 vino
1065 2057 1117 2105 in
1136 2057 1445 2106 stomachum
1467 2073 1544 2104 re-

152 2139 295 2197 cepto
318 2138 481 2181 motus
505 2131 558 2180 in
586 2133 785 2180 cerebro
818 2133 935 2181 oriri
964 2133 1150 2198 possit;
1189 2134 1321 2198 quod
1344 2133 1543 2198 quidem

150 2207 345 2257 videtur
366 2208 501 2257 factu
524 2208 825 2257 facillimum.

220 2284 478 2348 Contingit
513 2300 706 2349 quoque
739 2285 814 2344 iis,
852 2285 935 2349 qui
964 2301 1111 2334 curru
1132 2287 1261 2335 vecti
1284 2286 1478 2350 objecta
1514 2303 1544 2335 a

150 2358 304 2409 latere
329 2377 499 2409 currus
515 2361 691 2425 posita,
712 2362 811 2410 sive
825 2368 1015 2410 montes
1030 2363 1130 2411 sive
1147 2364 1345 2412 arbores
1364 2362 1542 2411 aliasve

151 2449 231 2486 res
268 2437 572 2502 longiuscule
606 2445 834 2498 remotas,
874 2445 1113 2502 spectant,
1145 2439 1219 2487 ita
1253 2447 1311 2487 ut
1348 2439 1542 2487 easdem

151 2524 229 2562 res
252 2513 402 2578 longo
425 2520 646 2579 tempore
671 2522 786 2563 ante
810 2515 976 2564 oculos
998 2516 1228 2575 habeant,
1250 2516 1542 2579 simulatque

18 2583 38 2627 ’ὲ
79 2627 82 2630 -
153 2594 324 2639 currus
349 2588 562 2650 sistatur,
587 2598 643 2639 ut
667 2591 922 2640 videantur
949 2598 1115 2640 tamen
1138 2587 1335 2656 objecta
1354 2602 1411 2640 ea
1432 2608 1543 2656 per-

152 2662 374 2726 severare
396 2666 450 2716 in
473 2665 646 2716 eodem
668 2675 807 2716 motu
830 2684 925 2731 quo
948 2664 1099 2732 prius.
1171 2667 1328 2716 Causa
1351 2668 1454 2732 ejus
1472 2668 1544 2716 rei

152 2751 243 2802 est,
267 2743 414 2807 quod,
438 2750 573 2793 moto
605 2761 766 2804 curru,
799 2745 942 2792 simul
969 2745 1256 2793 movebatur
1279 2744 1542 2809 spectantis

153 2820 409 2868 cerebrum
450 2826 498 2869 et
538 2837 718 2869 nervus
763 2820 955 2884 opticus
976 2842 987 2876 ;
1042 2821 1338 2869 consistente
1379 2828 1544 2869 autem

153 2900 317 2956 curru,
342 2897 597 2946 cerebrum
621 2905 672 2946 et
694 2913 872 2946 nervus
896 2896 1087 2961 opticus
1110 2905 1300 2947 motum
1318 2913 1418 2946 non
1441 2904 1544 2946 tam

284 2987 409 3021 VOL.
436 2987 497 3021 11.
1381 2987 1410 3022 c

1595 400 1726 435 SECT.
1747 401 1804 443 11,

1595 454 1788 524 s--Z—-ae
1810 495 1815 519 l

1579 547 1734 580 Quomodo
1746 548 1779 576 in

1578 591 1688 620 visione
1705 591 1815 621 moveri

1579 634 1724 670 videntur,
1736 638 1791 664 etc.
