1968 3256
411 262 471 306 52
936 275 1006 308 DE
1034 274 1274 308 HOMINE.

158 403 285 437 sEc'r.
310 403 360 437 11.
406 385 741 449 magnitudine
765 385 950 445 eadem,
970 403 1065 450 qua
1087 387 1138 434 in
1155 386 1339 434 visione
1358 384 1556 442 directa,
1576 391 1626 431 et
1644 399 1778 446 mag-

168 454 357 524 ss
408 464 628 512 nitudine
651 464 784 512 nulla
806 464 857 512 in
886 464 1116 512 distantia
1152 464 1276 511 citra
1304 463 1537 511 verticem
1573 460 1775 520 infinita,

128 546 224 597 901110
240 547 394 598 &objectp
410 555 603 587 necesse
644 548 717 588 est
745 547 801 588 ut
836 541 1112 602 ubicunque
1148 546 1358 603 ponatur
1394 538 1518 585 citra
1551 537 1593 585 O
1609 537 1660 595 P,
1697 536 1782 584 ubi

127 591 397 684 ἶιῗωιῖἶῗὲἷᾱεῖἷέἶ
412 616 615 679 angulus
654 616 858 663 visorius
895 616 1055 663 minor
1090 624 1163 663 est
1198 631 1343 678 quam
1382 612 1585 675 angulus
1617 611 1706 660 PE
1721 610 1780 670 O,

128 676 383 749 Qussssnfflffissfh'
412 699 677 754 appareant
694 692 889 739 termini
913 692 958 739 K
984 698 1032 739 et
1055 692 1094 739 L
1118 691 1276 738 alcubi
1293 691 1344 737 in
1361 689 1506 737 rectis
1530 688 1570 734 B
1587 687 1646 746 O,
1671 686 1712 733 B
1729 686 1780 734 P.

415 766 512 814 Sed
534 766 681 813 iidem
705 767 807 829 ejus
832 766 1027 814 termini
1050 773 1284 829 apparent
1302 765 1352 812 in
1366 763 1627 812 visualibus
1643 761 1782 809 lineis

415 842 446 889 S
462 842 516 899 Ε,
540 842 583 887 V
598 842 653 888 E.
690 842 1008 904 Apparebunt
1029 841 1194 904 itaque
1218 841 1269 887 in
1293 839 1407 903 ipsis
1430 836 1783 886 intersectioni-

412 918 518 975 bus,
545 917 636 966 hoc
662 924 749 974 est,
771 918 815 964 K
840 917 890 964 in
912 917 971 975 Y,
996 924 1046 964 et
1069 917 1108 963 L
1131 916 1182 963 in
1205 916 1253 963 X
1277 915 1480 962 inverse.
1551 914 1783 961 Inventus

413 994 577 1056 itaque
602 1002 676 1041 est
698 994 848 1052 locus,
874 1001 966 1040 etc.
1027 991 1173 1040 Quod
1197 998 1300 1038 erat
1321 989 1615 1038 faciendum.

481 1069 658 1116 Coroll.
686 1083 721 1117 1.
758 1069 1016 1131 Objectum
1040 1066 1233 1130 quando
1268 1065 1537 1113 incidentes
1561 1070 1674 1112 ante
1707 1079 1784 1110 re—

412 1145 671 1191 flexionem
717 1151 884 1191 secant
942 1143 1068 1190 oculi
1123 1141 1536 1206 perpendiculum,
1583 1145 1785 1202 apparet

414 1235 603 1282 semper
647 1219 905 1276 inversum,
952 1225 1098 1281 atque
1140 1218 1286 1265 etiam
1326 1216 1454 1263 inter
1499 1215 1691 1263 oculum
1736 1220 1785 1262 et

413 1295 715 1357 superficiem
738 1295 1081 1341 reflectentem.

481 1370 657 1418 Coroll.
696 1386 755 1417 11.
791 1370 1007 1432 Apparet
1042 1368 1170 1425 hinc,
1206 1366 1448 1430 quomodo
1491 1365 1639 1413 etiam
1677 1365 1786 1413 loca

413 1445 698 1508 apparentia
734 1452 1020 1491 caeterorum
1058 1450 1350 1505 punctorum
1387 1441 1580 1504 objecti,
1610 1455 1784 1503 nempe

414 1537 523 1584 quae
548 1529 661 1568 sunt
684 1520 811 1567 inter
836 1520 882 1568 K
901 1528 949 1567 et
968 1520 1021 1578 L,
1048 1517 1337 1565 invenienda
1360 1524 1488 1564 sunt.
1547 1517 1675 1563 Nam
1697 1531 1786 1579 per

412 1598 529 1644 bina
572 1603 755 1659 puncta
801 1612 829 1642 a
873 1594 1218 1658 perpendiculo
1258 1593 1407 1640 oculi'
1426 1592 1544 1640 hinc
1579 1599 1628 1638 et
1673 1591 1784 1638 inde

415 1672 665 1735 aequaliter
689 1678 876 1718 remota
899 1669 1133 1717 ducendae
1158 1676 1272 1716 sunt
1294 1675 1439 1715 rectae
1463 1667 1556 1730 ipsi
1579 1682 1786 1730 perpen-

416 1748 575 1795 diculo
599 1747 858 1810 parallelae,
883 1753 933 1793 et
956 1743 1310 1793 admovendum
1345 1743 1587 1805 objectum
1621 1757 1785 1790 versus

414 1824 646 1871 verticem
672 1822 832 1886 quoad
855 1829 1071 1869 extrema
1090 1822 1192 1883 ejus
1212 1836 1323 1867 cum
1347 1818 1574 1866 extremis
1595 1818 1787 1881 punctis

414 1898 637 1962 imaginis
662 1915 761 1946 suae
784 1898 1032 1960 reciproce
1056 1896 1348 1955 coincidant,
1369 1902 1417 1942 et
1442 1893 1504 1942 ad
1528 1910 1585 1941 ea
1606 1901 1789 1958 puncta

416 1975 648 2023 ducendae
672 1981 818 2022 rectae
844 1991 873 2021 a
905 1973 1100 2031 vertice,
1136 1979 1228 2019 etc.

483 2057 527 2098 5.
564 2051 727 2097 Posito
753 2051 942 2112 objecto
967 2055 1104 2096 extra
1127 2047 1279 2094 dictas
1303 2045 1569 2109 parallelas,
1590 2051 1639 2092 et
1661 2044 1787 2092 infra

414 2133 598 2174 rectam
623 2127 664 2172 A
681 2126 734 2183 C,
757 2125 920 2172 locum
944 2124 1045 2186 ejus
1068 2122 1284 2170 invenire
1308 2127 1635 2184 apparentem.

484 2202 557 2250 Sit
592 2217 758 2248 rursus
798 2200 1045 2263 speculum
1086 2199 1187 2260 (fig.
1214 2199 1265 2259 4)
1293 2197 1392 2244 AB
1411 2196 1468 2255 C,
1492 2203 1660 2243 vertex
1683 2196 1786 2258 ejus

416 2277 472 2335 Β,
498 2285 720 2324 centrum
745 2276 805 2334 D,
831 2275 998 2323 oculus
1021 2282 1077 2321 ut
1100 2281 1212 2321 ante
1234 2274 1286 2320 in
1312 2274 1381 2328 E;
1418 2272 1671 2334 ductaeque
1690 2272 1786 2319 sint

415 2353 474 2400 ab
499 2353 538 2399 E
564 2352 672 2399 duae
695 2358 842 2399 rectae
864 2350 1133 2398 incidentes
1156 2350 1206 2396 in
1232 2347 1480 2411 speculum
1503 2346 1566 2394 ad
1588 2347 1633 2394 A
1657 2354 1706 2394 et
1729 2347 1782 2405 C,

414 2429 485 2476 ita
517 2436 569 2475 ut
592 2427 850 2475 incidentis
873 2428 912 2474 E
928 2427 972 2474 A
1003 2427 1183 2474 reflexa
1206 2425 1269 2472 sit
1291 2425 1336 2472 A
1353 2424 1409 2480 C,
1444 2431 1493 2470 et
1526 2421 1784 2470 incidentis

413 2504 453 2551 E
472 2503 510 2550 C
537 2504 719 2550 reflexa
743 2503 805 2550 sit
829 2503 941 2560 CA,
961 2509 1010 2549 et
1033 2518 1062 2549 a
1083 2501 1275 2565 punctis
1303 2500 1344 2549 A
1363 2506 1412 2546 et
1437 2498 1475 2545 C
1503 2497 1662 2545 ductae
1686 2498 1784 2545 sint

413 2581 524 2638 AF,
552 2580 590 2627 C
608 2580 650 2627 G
673 2579 801 2627 oculi
835 2578 1179 2642 perpendiculo
1220 2578 1259 2624 E
1277 2576 1316 2623 B
1352 2574 1609 2638 parallelae,
1647 2579 1784 2621 extra

413 2672 530 2720 quas
555 2656 616 2704 sit
638 2656 849 2719 positum
864 2655 1108 2717 objectum
1125 2661 1371 2714 utcunque
1396 2651 1444 2698 H
1461 2650 1499 2697 Ι.
1536 2650 1575 2696 A
1601 2656 1782 2712 puncto

412 2739 575 2779 autem
601 2732 649 2778 H
676 2731 824 2778 ducta
847 2729 910 2777 sit
934 2728 1152 2776 incidens
1176 2728 1224 2775 H
1242 2727 1302 2785 K,
1329 2741 1435 2788 quae
1462 2723 1782 2787 perpendicu-

411 2808 513 2855 lum
549 2807 676 2854 oculi
710 2821 878 2853 secans
912 2806 1188 2852 reflectatur
1222 2801 1284 2849 ad
1307 2800 1499 2848 oculum
1537 2814 1625 2862 per
1665 2799 1781 2847 ΚΕ.

412 2882 476 2930 Et
499 2899 528 2930 a
549 2889 732 2946 puncto
756 2881 780 2929 I
805 2881 952 2928 ducta
979 2880 1040 2928 sit
1070 2877 1285 2927 incidens
1310 2876 1402 2935 IL,
1427 2882 1476 2923 et
1497 2874 1581 2922 illa
1614 2890 1781 2922 secans
1846 2883 1851 2886 '
