2020 3262
533 252 604 285 DE
632 251 804 286 STATU
832 250 1126 297 HOMINUM,
1152 253 1270 287 Ero.
1492 246 1580 289 165

196 363 352 415 mines
375 364 486 413 ullis
507 365 665 429 pactis
699 380 804 413 sese
826 364 1037 412 invicem
1063 365 1451 425 obstrinxissent,
1474 368 1584 415 uni-
1627 388 1755 421 snc'r.
1776 387 1848 422 111,

199 441 376 504 cuique
398 441 577 490 licebat
599 442 759 490 facere
783 456 1086 504 quaecunque
1109 449 1159 489 et
1182 441 1233 488 in
1271 457 1585 505 quoscunque
1637 485 1643 494 .
1719 439 1750 474 ¹·
1821 485 1828 495 ,

198 515 400 576 libebat,
425 525 476 565 et
497 517 762 581 possidere,
786 517 875 576 uti,
896 516 995 564 frui
1009 517 1249 576 omnibus,
1267 533 1378 580 quae
1391 517 1586 565 volebat

200 599 252 640 et
273 599 485 656 poterat.
556 592 801 642 Quoniam
821 592 967 651 enim,
988 609 1294 656 quaecunque
1317 593 1425 656 quis
1447 593 1587 641 volu-

200 667 311 728 erit,
334 667 447 716 ideo
469 669 599 716 bona
621 668 714 716 sibi
735 668 965 716 videntur
989 668 1106 731 quia
1129 684 1188 716 ea
1209 668 1329 726 vult,
1362 676 1589 731 possunt-

200 759 296 807 que
340 743 419 791 vel
466 743 739 792 conducere
796 743 861 791 ad
906 743 980 791 sui
1027 743 1464 799 conservationem,
1511 744 1589 792 vel

201 818 376 868 saltem
399 818 673 867 conducere
705 819 891 867 videri:
923 819 1140 883 judicem
1177 827 1357 879 autem,
1389 836 1452 867 an
1475 835 1590 868 vere

201 894 482 944 conducant
505 911 676 954 necne,
700 894 1009 959 praecedente
1032 896 1255 954 articulo,
1280 896 1440 959 ipsum
1474 912 1591 944 con-

202 969 467 1030 stituimus,
490 971 562 1018 ita
582 980 640 1019 ut
670 971 897 1020 habenda
920 972 1019 1019 sint
1040 987 1130 1035 pro
1154 971 1456 1030 necessariis,
1482 987 1593 1035 quae

201 1046 306 1110 ipse
322 1046 440 1094 talia
451 1047 643 1110 judicat
663 1066 674 1095 ε
712 1055 762 1096 et
784 1048 892 1112 (per
908 1048 1170 1096 articulum
1189 1049 1242 1111 7)
1257 1049 1381 1111 jure
1394 1055 1592 1096 naturce

202 1123 330 1171 fiunt
365 1130 417 1170 et
449 1122 709 1183 habentur,
748 1139 857 1187 quae
893 1124 1168 1172 necessario
1206 1124 1491 1172 conducunt
1528 1124 1592 1172 ad

201 1197 461 1248 tuitionem
500 1199 714 1263 propriae
737 1199 852 1250 vitae
876 1207 925 1248 et
960 1201 1321 1248 membrorum:
1358 1200 1592 1264 sequitur,

202 1274 368 1323 omnia
406 1274 588 1324 habere
621 1282 671 1324 et
704 1275 867 1324 facere
904 1265 956 1324 in
997 1283 1130 1325 statu
1153 1283 1343 1324 naturae
1367 1276 1591 1325 omnibus

201 1349 366 1399 licere.
435 1351 502 1399 Et
540 1351 635 1400 hoc
681 1360 756 1401 est
797 1352 930 1416 quod
964 1353 1114 1417 vulgo
1154 1352 1348 1409 dicitur,
1385 1351 1592 1400 Natura

66 1459 77 1467 »
141 1431 144 1433 ’
205 1426 349 1476 dedit
372 1427 535 1475 omnia
559 1427 795 1476 omnibu&
863 1429 938 1476 Ex
975 1445 1072 1492 quo
1114 1428 1258 1476 etiam
1303 1427 1594 1491 intelligitur

201 1501 257 1551 in
279 1508 414 1551 statu
434 1509 624 1551 naturae
646 1519 925 1552 mensuram
937 1504 1079 1567 juris
1104 1519 1208 1551 esse
1232 1503 1511 1553 utilitatem.

277 1583 353 1627 ll.
391 1577 597 1627 Minime
635 1586 802 1627 autem
840 1579 961 1627 utile
999 1579 1276 1629 hominibus
1313 1578 1423 1639 fuit,
1464 1578 1598 1642 quod
1611 1594 1669 1623 su„
1681 1593 1811 1643 omnum

196 1653 478 1718 hujusmodi
498 1653 762 1702 habuerint
786 1655 836 1702 in
859 1655 1022 1703 omnia
1034 1655 1126 1718 jus
1146 1671 1420 1703 commune.
1464 1655 1593 1703 Nam
1610 1638 1800 1711 ξυὲιῗζζω,

200 1730 403 1779 effectus
427 1730 532 1793 ejus
544 1730 686 1793 juris
709 1730 842 1778 idem
863 1747 989 1795 pene
1013 1739 1105 1790 est,
1130 1747 1188 1780 ac
1220 1732 1260 1780 si
1282 1732 1471 1780 nullum
1494 1748 1597 1780 om-

199 1805 319 1854 nino
340 1806 433 1869 jus
467 1805 733 1854 exstiterit.
804 1807 1116 1870 Quamquam
1147 1808 1277 1856 enim
1310 1808 1417 1872 quis
1449 1807 1510 1857 de
1542 1823 1596 1855 re

201 1881 336 1930 omni
356 1887 554 1944 poterat
585 1881 747 1930 dicere
779 1882 871 1930 hoc
893 1899 1047 1930 meum
1078 1889 1156 1930 est
1170 1902 1188 1938 ,·
1223 1883 1320 1931 frui
1349 1891 1514 1932 tamen
1538 1899 1597 1931 ca

124 1961 128 1963 ’
200 1973 302 2006 non
336 1964 532 2021 poterat
571 1967 774 2021 propter
812 1959 1039 2018 vicinum,
1074 1959 1157 2022 qui
1192 1959 1367 2023 aequali
1389 1960 1512 2023 jure
1527 2008 1530 2010 ,
1547 1966 1596 2007 et

203 2033 381 2097 aequali
403 2033 454 2080 vi
477 2033 816 2096 praetendebat
838 2034 970 2082 idem
992 2050 1096 2082 esse
1120 2050 1279 2084 suum.

277 2115 354 2158 12.
389 2108 470 2157 Ad
493 2110 768 2158 naturalem
794 2111 1049 2159 hominum
1075 2111 1434 2175 proclivitatem
1457 2111 1521 2159 ad
1543 2127 1594 2159 se
1612 2127 1882 2158 smmmhominum

1614 2175 1697 2201 extra
1715 2173 1881 2201 societatem

203 2193 376 2235 mutuo
398 2185 751 2245 lacessendum,
775 2202 922 2250 quam
945 2186 1007 2235 ab
1031 2187 1298 2248 effectibus,
1322 2187 1596 2252 praesertim
1613 2215 1723 2246 benum
1741 2225 1811 2245 esse,

203 2328 274 2367 bit.
327 2328 453 2379 Ipsius
471 2340 564 2379 ergo
584 2327 758 2366 facientis
771 2327 918 2379 judicio
937 2329 978 2366 id
990 2329 1095 2380 quod
1112 2329 1168 2375 fit,
1181 2329 1270 2381 jure
1287 2330 1343 2376 fit,
1363 2330 1424 2368 vel
1442 2330 1492 2381 inj
1499 2332 1601 2377 uria;

160 2385 163 2388 ⁴
204 2390 334 2442 itaque
357 2390 446 2441 jure
476 2389 533 2428 fit.
599 2388 745 2428 Verum
774 2403 866 2441 ergo
897 2395 965 2437 est,
996 2391 1036 2428 in
1066 2396 1168 2429 statu
1200 2404 1304 2430 mere
1333 2392 1506 2438 naturali,
1526 2397 1600 2430 etc.

205 2451 322 2495 Quod
339 2452 371 2490 si
389 2451 475 2502 quis
489 2451 538 2489 ad
556 2452 614 2489 sui
634 2452 959 2490 conservationem
986 2453 1176 2503 pertinere
1194 2454 1408 2503 praetendit,
1429 2454 1533 2504 quod
1552 2467 1601 2492 ne

204 2514 288 2565 ipse
305 2513 460 2565 quidem
472 2514 664 2564 pertinere
678 2518 798 2564 putat,
812 2526 972 2564 peccare
986 2519 1113 2565 potest
1126 2520 1261 2553 contra
1274 2515 1376 2566 leges
1389 2516 1579 2554 naturales
1591 2532 1602 2561 ;

206 2580 252 2614 ut
269 2576 395 2626 capite
417 2575 531 2614 tertio
549 2574 633 2613 fuse
648 2575 880 2625 explicatum
895 2581 964 2614 est.
1018 2575 1227 2627 Objectum
1239 2582 1296 2614 est
1306 2590 1329 2614 a
1343 2578 1575 2627 quibusdam
1590 2593 1601 2616 :

207 2636 240 2674 ni
266 2635 368 2674 filius
395 2641 544 2687 patrem
572 2635 818 2682 interfecerit,
846 2641 977 2674 utrum
1006 2637 1107 2687 patri
1136 2637 1314 2688 injuriam
1347 2650 1423 2676 non
1455 2638 1601 2678 feeerit.

208 2697 428 2748 Respondi;
454 2697 576 2735 filium
605 2699 643 2735 in
676 2703 778 2736 statu
808 2698 971 2736 naturali
1003 2699 1165 2750 intelligi
1194 2712 1270 2737 nou
1300 2712 1421 2750 posse,
1453 2707 1496 2738 ut
1522 2702 1600 2752 qui,

207 2759 321 2798 simul
338 2765 454 2811 atque
473 2765 584 2798 natus
603 2765 670 2806 est,
690 2761 730 2797 in
748 2765 936 2810 potestate
955 2765 994 2799 et
1011 2761 1083 2799 sub
1102 2762 1262 2811 imperio
1282 2767 1339 2799 est
1356 2762 1437 2813 ejus
1455 2764 1517 2802 cui
1536 2764 1601 2802 de-

208 2819 276 2858 bet
301 2822 629 2860 conservationem
656 2822 735 2860 sui:
763 2822 919 2868 scilicet,
946 2824 1090 2868 matris,
1108 2823 1168 2861 vel
1196 2823 1324 2875 patriS,
1343 2824 1404 2862 vel
1435 2825 1515 2877 ejus
1533 2827 1604 2877 qui

209 2882 356 2933 praebet
373 2884 446 2934 ipsi
463 2883 663 2930 alimenta3
690 2889 734 2922 ut
758 2885 882 2934 capite
900 2897 1002 2923 nono
1022 2885 1321 2924 demonstratum
1343 2892 1411 2924 est.
