2020 3262
220 310 580 347 COMPARATIO
599 308 922 344 SPEGIERUM
946 307 1129 342 TRIUM
1153 308 1449 342 CIVITATIS.
1485 295 1583 348 267

185 431 294 472 tum
316 440 347 472 a
369 423 475 472 Deo
499 423 551 471 in
574 422 822 471 creatione
846 418 1212 468 monarchicum
1234 418 1413 474 fuerit;
1451 418 1586 483 quod
1626 442 1755 476 SECT.
1775 442 1845 475 111,

184 499 427 564 regimina
458 505 638 546 caetera
660 514 721 546 ex
743 494 1046 545 monarchioe
1085 510 1175 558 per
1198 494 1462 542 seditiones
1489 495 1586 542 dis-

185 576 360 624 solutae
382 574 641 622 ruderibus
665 572 873 622 artificio
902 564 1183 619 hominum*
1205 576 1319 633 post
1343 570 1586 633 congluti-

185 659 305 700 nata
319 651 419 699 sint
435 672 448 706 ;
474 650 702 714 quodque
718 648 927 713 populus
942 647 1036 695 Dei
1051 647 1141 694 sub
1160 646 1358 709 regibus
1373 645 1584 702 fuerint3

187 743 487 792 quamquam
544 725 882 774 monarchiam
928 721 1400 771 commendatiorem
1446 722 1587 770 nobis

187 798 466 862 exhibeant,
492 810 659 851 tamen
696 801 811 865 quia
845 799 899 848 id
929 815 1031 848 non
1061 797 1350 857 rationibus,
1387 797 1475 846 sed
1505 813 1589 845 ex-

186 879 360 944 emplis
384 887 435 927 et
458 878 749 926 testimoniis
771 876 974 934 faciunt,
1000 873 1298 923 omittemus.

1712 495 1762 525 10.

254 961 303 1004 4.
342 955 469 1003 Sunt
492 953 669 1017 quibus
693 952 838 1000 unius
861 951 1084 1015 regimen
1106 966 1165 998 eo
1194 949 1396 998 nomine
1420 948 1590 1012 displi-
1607 961 1751 999 Regimen
1764 964 1854 992 unius

1606 1015 1666 1034 110ss
1679 1015 1741 1034 8888
1759 1015 1794 1034 ΘΟ
1807 1016 1857 1035 no-

186 1039 284 1090 cet,
308 1030 425 1095 quia
447 1029 590 1078 unius
614 1036 718 1085 est;
756 1028 895 1092 quasi
926 1027 1151 1090 iniquum
1174 1034 1303 1075 esset
1332 1026 1464 1073 inter
1486 1032 1590 1074 tam
1606 1049 1685 1077 mine
1711 1050 1855 1087 iniquum,

186 1107 368 1156 multos
391 1112 533 1154 tanta
564 1111 810 1168 potestate
841 1103 1056 1151 eminere
1093 1119 1239 1150 unum
1279 1102 1508 1165 aliquem,
1533 1102 1626 1174 utss

1627 1093 1685 1121 uod
1698 1102 1776 1121 unus
1789 1093 1858 1131 plus

1627 1137 1699 1164 ossit
1734 1137 1849 1166 caeteris

187 1182 393 1250 arbitrio
431 1197 518 1229 suo
559 1181 716 1244 possit
753 1180 813 1228 de
851 1179 1042 1228 caeteris
1083 1178 1309 1226 omnibus
1355 1184 1591 1226 statuere.
1607 1180 1753 1210 mnibus-

189 1259 260 1308 Hi
298 1273 414 1307 sane
452 1257 739 1306 subtrahere
777 1272 828 1304 se
865 1257 927 1304 ab
967 1255 1174 1319 imperio
1212 1255 1358 1303 unius
1400 1254 1510 1314 Dei,
1551 1254 1593 1302 si

186 1342 404 1400 possent,
439 1332 638 1381 vellent.
710 1332 808 1380 Sed
854 1332 1196 1395 exceptionem
1240 1331 1369 1380 hanc
1415 1337 1593 1379 contra

187 1427 333 1459 unum
371 1408 593 1473 suggerit
626 1408 826 1467 invidia,
860 1407 978 1456 dum
1013 1407 1185 1456 vident
1222 1423 1378 1455 unum
1410 1407 1593 1455 habere

188 1486 323 1550 quod
339 1501 508 1534 omnes
531 1485 751 1549 cupiunt.
802 1484 941 1533 Idem
964 1484 1189 1547 iniquum
1213 1499 1316 1532 esse
1337 1490 1594 1532 censerent

188 1562 362 1611 eadem
395 1561 606 1619 ratione,
643 1561 684 1609 si
710 1561 874 1626 pauci
913 1560 1231 1624 imperarent,
1256 1559 1353 1608 nisi
1384 1559 1479 1623 ipsi
1515 1558 1595 1607 vel

188 1645 354 1686 essent
376 1637 456 1686 vel
479 1652 586 1685 esse
624 1643 880 1700 sperarent
904 1651 964 1683 ex
988 1651 1160 1684 eorum
1182 1651 1404 1683 numero,
1463 1634 1595 1683 Nam

190 1713 233 1762 si
254 1714 482 1777 iniquum
505 1713 569 1760 sit
581 1728 683 1760 non
698 1727 803 1760 esse
813 1712 893 1775 jus
909 1711 1096 1775 aequale
1112 1712 1355 1771 omnibus,
1371 1711 1595 1774 iniquum

189 1789 339 1838 etiam
373 1797 448 1837 est
492 1788 713 1851 regimen
760 1787 1070 1851 optimatum.
1143 1787 1392 1836 Quoniam
1429 1794 1595 1835 autem

191 1872 444 1914 ostensum
475 1872 567 1923 est,
594 1870 777 1912 statum
805 1863 1098 1926 aequalitatis
1122 1879 1229 1912 esse
1254 1871 1439 1912 statum
1461 1864 1593 1924 belli,

190 1931 402 2003 ideoque
425 1939 811 2002 inaequalitatem
834 1938 1170 1987 introductam
1208 1956 1314 1988 esse
1353 1956 1596 1988 consensu

191 2016 443 2072 omnium;
478 2015 783 2079 inaequalitas
807 2015 891 2063 illa
912 2031 1014 2063 non
1038 2023 1114 2064 est
1137 2016 1346 2079 amplius
1369 2016 1597 2064 habenda

257 2185 280 2207 ³*
297 2181 479 2235 Artfficio
515 2182 708 2220 hominum
744 2181 1007 2232 conglutinata
1042 2183 1131 2229 sint,
1166 2184 1260 2233 εἰει]
1294 2184 1486 2222 Videntur
1520 2184 1598 2222 huc

196 2250 388 2296 spectasse
407 2245 567 2295 antiqui,
586 2245 653 2294 qui
682 2243 851 2282 fabulam
870 2244 980 2282 nobis
999 2245 1270 2283 confinxerunt
1287 2247 1335 2284 de
1355 2246 1601 2285 Prometheo.

192 2307 363 2358 Narrant
392 2306 677 2351 Prometheum,
701 2311 877 2356 surrepto
895 2319 918 2344 a
936 2306 1015 2344 sole
1034 2307 1135 2357 igne,
1155 2320 1203 2345 ex
1221 2308 1303 2346 luto
1322 2308 1458 2347 secisse
1476 2309 1599 2346 homi-

192 2382 309 2408 nem:
337 2373 452 2419 atque
478 2369 529 2406 ob
548 2368 587 2405 id
606 2368 753 2405 sactum
777 2374 964 2418 perpetua
984 2368 1126 2419 jecoris
1145 2369 1376 2408 laceratione
1393 2371 1491 2408 irato
1509 2370 1601 2409 Jovi

193 2431 343 2470 dedisse
370 2442 515 2481 poenas.
568 2429 661 2467 Hoc
688 2435 756 2475 est,
776 2430 931 2479 ingenio
962 2430 1142 2476 humano,
1162 2431 1203 2468 id
1233 2432 1338 2483 quod
1363 2431 1602 2483 significatur

192 2506 263 2544 per
287 2493 572 2538 Prometheum,
592 2493 695 2543 leges
714 2497 753 2530 et
765 2492 953 2543 justitiam
970 2505 994 2530 a
1018 2494 1242 2532 monarchia
1259 2507 1330 2544 per
1348 2494 1601 2532 imitationem

193 2560 337 2593 sumtas
355 2567 448 2600 esse,
476 2566 641 2604 quarum
659 2554 708 2599 vi,
728 2559 913 2603 tanquam
942 2555 1032 2605 igne
1063 2567 1087 2592 a
1115 2554 1223 2594 fonte
1247 2569 1317 2594 suo
1336 2556 1501 2594 naturali
1518 2570 1601 2594 sur-

194 2622 317 2668 repto,
335 2617 553 2662 multitudo,
573 2617 685 2666 quasi
700 2616 825 2653 lutum
840 2621 879 2653 et
892 2615 969 2653 faex
983 2617 1194 2663 hominum,
1210 2618 1250 2655 in
1265 2631 1381 2656 unam
1399 2631 1602 2668 personam

195 2679 346 2717 civilem
364 2679 533 2716 animata
555 2684 594 2716 et
621 2678 787 2716 conflata
815 2683 883 2723 est,
903 2690 990 2728 quae
1017 2679 1255 2717 aristocratia
1281 2681 1341 2718 vel
1370 2681 1604 2719 democratia

194 2740 419 2790 appellatur.
469 2739 623 2778 Inventi
656 2744 785 2776 autem
809 2739 989 2776 authores
1016 2745 1055 2777 et
1072 2739 1252 2787 fautores,
1268 2742 1335 2792 qui
1363 2755 1452 2780 cum
1469 2755 1603 2781 secure

199 2806 318 2852 atque
337 2802 458 2840 otiose
477 2802 549 2840 sub
579 2802 740 2851 imperio
773 2813 908 2851 regum
927 2802 1091 2839 naturali
1108 2802 1237 2841 vivere
1255 2804 1480 2853 potuissent,
1503 2805 1603 2843 hanc

195 2875 350 2912 poenam
369 2863 474 2909 dant,
492 2868 537 2901 ut
564 2863 760 2914 perpetuis
790 2864 892 2902 curis
921 2864 1202 2914 suspicionibus
1229 2865 1603 2920 dissensionibusque

198 2924 276 2978 alto
292 2924 379 2964 loco
396 2926 560 2976 expositi
579 2926 811 2965 crucientur.
