2020 3262
467 233 562 282 328
1002 243 1307 276 IMPERIUM.

205 377 334 410 SECT,
352 377 420 410 111,
464 370 570 403 mus
594 353 720 417 Deo)
751 354 1033 418 simpliciter
1053 355 1272 403 absolute
1299 360 1348 401 et
1369 353 1736 410 universaliter;
1769 355 1848 403 vel

291 428 338 460 ¹4·
400 472 405 477 .
462 430 513 477 in
536 438 691 493 parte,
716 439 772 478 ut
797 431 836 481 si
861 431 966 494 quis
1002 431 1199 488 diceret,
1223 447 1324 478 non
1354 445 1456 476 esse
1480 429 1538 476 iis
1558 430 1638 491 jus
1661 446 1747 478 suo
1771 446 1848 477 ar-

461 506 608 554 bitrio
631 507 814 554 bellum
838 506 1054 569 gerendi,
1079 522 1248 569 pacem
1282 505 1509 563 faciendi,
1534 504 1711 552 milites
1734 520 1848 552 con-

463 581 722 639 scribendi,
745 581 976 644 pecunias
1002 581 1244 644 exigendi,
1273 580 1586 642 magistratus
1612 586 1662 627 et
1683 579 1850 627 minis-

463 664 565 704 tros
598 657 817 719 publicos
848 656 1074 719 eligendi,
1100 656 1233 718 leges
1268 654 1472 712 ferendi,
1498 654 1849 703 controversias

466 731 838 789 determinandi‚
878 747 1045 794 poenas
1081 730 1346 788 statuendi,
1375 730 1453 777 vel
1487 729 1628 779 aliud.
1651 729 1851 792 aliquod

465 808 570 855 sine
617 823 710 869 quo
758 806 1022 854 consistere
1069 806 1239 853 civitas
1284 821 1383 852 non
1428 812 1605 868 potest.
1694 805 1850 868 Atque

466 883 572 929 haec
608 890 658 928 et
691 881 867 928 similia
901 881 1033 928 dicta
1064 888 1112 927 et
1135 880 1266 927 facta
1291 880 1495 928 crimina
1513 880 1649 930 loesae
1671 881 1850 943 majes-

468 957 592 1004 tatis
628 972 687 1004 ex
719 956 768 1003 vi
803 956 941 1019 legis,
977 972 1076 1003 non
1108 955 1277 1012 civilis,
1313 955 1399 1003 sed
1434 955 1685 1013 naturalis,
1722 963 1850 1004 sunt.

468 1033 635 1079 Potest
671 1038 834 1079 autem
873 1047 976 1078 esse
1017 1038 1074 1078 ut
1110 1031 1310 1094 aliquid,
1350 1031 1481 1093 quod
1519 1031 1703 1079 factum
1739 1038 1852 1079 ante

467 1108 625 1170 legem
649 1107 840 1154 civilem
862 1106 1014 1153 latam
1036 1122 1137 1154 non
1162 1112 1267 1154 erat
1301 1106 1485 1154 crimen
1505 1105 1639 1153 Zaesae
1674 1106 1853 1168 majas·-

470 1182 610 1239 tatis,
636 1182 699 1228 sit
721 1189 900 1239 tamen,
926 1181 967 1228 si
988 1182 1074 1228 fiat
1095 1188 1221 1244 post.
1292 1181 1361 1228 Ut
1384 1181 1425 1228 si
1447 1182 1556 1245 lege
1580 1181 1855 1230 declaretur

469 1273 558 1320 pro
591 1257 730 1319 signo
766 1256 1056 1304 obedientiae
1081 1257 1233 1304 civilis
1255 1257 1552 1304 renunciatae
1573 1256 1854 1304 habendum

471 1347 590 1388 esse,
613 1331 708 1379 hoc
733 1339 823 1390 est,
846 1346 936 1394 pro
973 1331 1175 1379 crimine
1203 1330 1337 1378 loesoe
1360 1332 1658 1394 majestatiS,
1683 1332 1723 1379 si
1747 1332 1855 1394 quis

470 1407 548 1454 vel
570 1413 820 1454 monetam
852 1405 1055 1462 cuderit,
1078 1406 1156 1453 vel
1187 1406 1344 1468 sigilla
1368 1407 1577 1456 civitatis
1609 1406 1855 1455 adultera-

472 1482 626 1536 verit3
661 1481 717 1540 is,
744 1480 826 1543 qui
848 1486 1021 1543 postea
1042 1480 1094 1528 id
1120 1480 1307 1539 fecerit,
1331 1497 1442 1529 reus
1465 1482 1731 1545 majestatis
1754 1499 1855 1530 non

471 1556 632 1604 minus
666 1564 741 1604 est
777 1572 924 1619 quam
954 1555 1035 1603 ille
1072 1555 1225 1611 alter;
1273 1556 1433 1604 minus
1469 1563 1634 1607 tamen
1667 1565 1853 1621 peccat,

473 1632 587 1695 quia
600 1648 700 1679 non
715 1647 881 1679 omnes
895 1631 1028 1694 leges
1044 1631 1201 1690 simul,
1220 1631 1307 1680 sed
1321 1648 1471 1680 unam
1487 1639 1680 1685 tantum
1695 1634 1855 1696 legem

471 1708 636 1759 violat.
707 1708 836 1755 Nam
876 1707 971 1766 lex,
1008 1707 1229 1756 vocando
1270 1707 1455 1755 crimen
1490 1708 1758 1771 majestatis
1788 1708 1855 1766 id,

474 1783 606 1846 quod
626 1790 803 1831 natura
824 1798 924 1829 non
947 1782 1016 1829 ita
1035 1788 1123 1841 est,
1141 1798 1321 1830 nomen
1345 1783 1542 1846 quidem
1563 1784 1857 1837 invidiosum

473 1866 524 1905 et
545 1858 672 1906 forte
690 1874 887 1921 poenam
910 1858 1146 1920 majorem
1169 1857 1221 1905 in
1243 1873 1382 1905 reum
1401 1859 1511 1921 jure
1532 1859 1703 1906 statuit
1722 1879 1734 1912 ;
1770 1858 1857 1907 sed

471 1940 527 1981 ut
549 1940 807 1997 peccatum
829 1933 990 1995 ipsum
1012 1932 1208 1995 gravius
1232 1933 1308 1990 sit,
1333 1949 1434 1981 non
1459 1933 1620 1981 efficit.

193 2040 321 2071 Crimine
339 2041 416 2071 ΙΝ,
476 2026 478 2029 ’
539 2016 620 2059 21.
658 2011 919 2067 Peccatum
954 2016 1119 2057 autem
1153 2008 1220 2068 id,
1246 2009 1379 2072 quod
1411 2025 1499 2072 per
1531 2009 1690 2073 legem
1713 2016 1857 2058 natu-

190 2087 446 2167 ζὲζῗὲξξξθζζζᾱ
471 2086 624 2137 ralem
661 2086 846 2133 crimen
879 2085 1007 2133 laesae
1038 2085 1303 2148 majestatis
1343 2091 1433 2143 θεῖ,
1464 2085 1585 2148 legis
1621 2085 1855 2133 naturalis

190 2173 455 2203 naturalesviolari=
472 2161 794 2225 transgressio
829 2166 919 2220 est,
943 2176 1045 2208 non
1081 2160 1247 2208 civilis.
1318 2160 1441 2208 Cum
1465 2160 1603 2217 enimv
1622 2160 1854 2223 obligatio

472 2237 536 2285 ad
559 2237 887 2285 obedientiam
902 2236 1108 2295 civilem,
1129 2238 1267 2299 cujus
1281 2236 1330 2283 vi
1351 2236 1483 2300 leges
1503 2236 1666 2284 civiles
1681 2235 1854 2284 validae

474 2320 603 2372 sunt,
626 2312 760 2361 omni
781 2312 890 2375 lege
914 2311 1044 2359 civili
1074 2311 1209 2374 prior
1240 2311 1318 2370 sit,
1344 2312 1502 2374 sitque
1524 2312 1707 2359 crimen
1724 2311 1855 2360 laesae

472 2388 740 2451 majestatis
753 2387 1043 2436 naturaliter
1065 2387 1188 2434 nihil
1210 2386 1357 2446 aliud,
1378 2403 1522 2450 quam
1546 2386 1854 2449 obligationis

471 2464 600 2512 illius
617 2463 816 2514 violatio
834 2484 846 2519 3
879 2463 1095 2526 sequitur
1113 2463 1314 2510 crimine
1332 2463 1460 2511 laesae
1474 2462 1738 2525 majestatis
1751 2463 1855 2510 vio-

471 2539 562 2588 lari
598 2539 772 2602 legem,
812 2554 920 2602 quae
959 2539 1209 2602 praecessit
1243 2539 1402 2601 legem
1438 2537 1642 2596 civilem,
1678 2553 1854 2601 nempe

471 2614 760 2673 naturalem,
786 2631 883 2677 qua
914 2614 1229 2678 prohibemur
1254 2614 1600 2676 violarepacta
1623 2620 1673 2660 et
1706 2613 1854 2660 fidem

474 2690 655 2738 datam.
718 2690 864 2738 Quod
888 2691 928 2737 si
945 2690 1050 2753 quis
1069 2691 1294 2754 princeps
1319 2703 1533 2737 summus
1557 2687 1714 2750 legem
1738 2688 1853 2735 civi-

472 2766 568 2812 lem
602 2766 654 2813 in
685 2766 812 2813 hanc
841 2765 1100 2813 formulam
1133 2765 1424 2827 conciperet,
1451 2778 1544 2810 non
1566 2762 1852 2822 rebellabis,

472 2839 843 2901 nihil-efficeret.
914 2840 1042 2889 Nam
1066 2841 1161 2890 nisi
1182 2840 1316 2912 prius
1341 2838 1616 2900 obligentur
1639 2838 1766 2886 cives
1790 2838 1854 2886 ad

2014 622 2020 631 ι
2018 548 2020 554 .
2009 463 2020 518 ,na-i.
2008 259 2020 442 ‚ramum-effi
2000 176 2020 226 „21¹
