2020 3262
213 421 344 455 SECT.
366 422 434 454 111.

309 474 328 496 ἐ)

310 494 340 503 ..n

229 519 418 541 b-sf—-ae

190 870 210 899 J
212 871 397 898 armentum

191 923 252 942 non
265 913 450 949 exigendum,

479 277 569 320 180
1020 286 1303 320 LIBERTAs.

473 397 571 446 ciat
592 398 937 446 misericordiae
956 398 1147 456 divinae,
1165 413 1264 445 non
1282 396 1466 458 obligat
1484 410 1534 442 se
1549 394 1613 442 ad
1633 409 1843 458 poenam:

473 473 587 536 quia
601 489 790 537 semper
804 474 990 521 licitum
1010 481 1084 521 est
1106 488 1318 535 poenam,
1336 478 1601 532 utcumque
1618 485 1850 532 provoca-

471 555 588 607 tam,
614 548 878 612 deprecari,
902 556 1049 610 atque
1073 548 1250 605 divina,
1267 547 1307 594 si
1325 546 1636 603 concedatur,
1659 544 1756 592 frui
1779 544 1854 592 in-

474 623 737 687 dulgentia.
822 624 1036 671 Effectus
1069 639 1185 684 ergo
1218 621 1483 685 juramenti
1518 620 1558 667 is
1594 620 1723 667 solus
1763 625 1853 678 est,

472 706 528 747 ut
549 699 839 758 hominibus,
872 706 1046 746 natura
1080 697 1245 760 pronis
1281 697 1344 744 ad
1377 695 1691 743 violationem
1728 694 1855 743 datae

473 774 603 834 fidei,
627 776 783 838 major
800 774 975 837 juratis
1001 789 1146 821 causa
1168 772 1230 820 sit
1252 770 1517 819 metuendi.

543 856 623 898 23.
659 848 999 897 Juramentum
1019 848 1227 910 exigere,
1242 847 1326 894 ubi
1343 862 1502 908 neque
1520 844 1718 893 violatio
1740 860 1855 908 pac-

190 957 461 993 „isiubipacmmm
477 931 654 982 torum,
693 924 733 971 si
773 939 869 986 qua
902 923 1004 980 fiat,
1038 922 1189 969 latere
1225 928 1402 984 potest,
1426 936 1584 983 neque
1615 919 1675 978 ei,
1700 919 1780 967 cui
1802 919 1858 966 fit

191 999 310 1027 violatio
314 998 361 1027 vel
369 999 460 1027 latere

193 1045 295 1080 potest,
321 1042 367 1069 vel
399 1050 459 1069 non

477 1000 688 1063 sponsio,
714 999 850 1047 deest
871 1005 1088 1062 potestas
1121 1013 1289 1060 poenas
1324 995 1564 1059 exigendi,
1590 1001 1663 1042 est
1697 993 1858 1041 facere

192 1085 392 1123 potestpunifi
405 1084 460 1112 nisi
476 1075 680 1138 amplius
696 1074 878 1137 aliquid
893 1090 1038 1136 quam
1052 1072 1116 1120 ad
1130 1072 1204 1119 sui
1218 1071 1548 1119 defensionem
1563 1069 1625 1117 sit
1638 1083 1857 1123 neeesse3

194 1137 213 1157 a
226 1128 297 1157 Deo.

477 1150 815 1214 significatque
864 1148 1079 1196 animum
1117 1146 1344 1210 cupiendi
1391 1162 1490 1193 non
1522 1151 1625 1192 tam
1674 1150 1730 1191 ut
1767 1143 1860 1191 sibi

476 1227 617 1283 bene,
639 1241 784 1288 quam
806 1231 864 1271 ut
882 1224 952 1271 illi
969 1223 1094 1270 male
1118 1222 1196 1269 sit.
1265 1221 1606 1268 Juramentum
1630 1219 1775 1277 enim,
1799 1233 1860 1266 ex

476 1300 687 1349 formula
703 1298 917 1362 jurandi,
931 1299 1142 1362 pertinet
1156 1296 1218 1343 ad
1235 1296 1357 1343 iram
1371 1295 1464 1343 Dei
1482 1293 1858 1358 provocandam,

477 1377 571 1423 hoc
596 1383 685 1434 est,
704 1373 1050 1438 omnipotentis
1074 1373 1125 1420 in
1141 1388 1239 1430 eos,
1259 1371 1342 1434 qui
1359 1370 1507 1418 fidem
1529 1371 1640 1418 ideo
1658 1369 1858 1427 violant,

481 1451 595 1514 quia
607 1450 830 1513 potentia
847 1465 933 1496 sua
944 1465 1139 1512 poenam
1153 1448 1415 1495 humanam
1429 1447 1641 1509 effugere
1656 1461 1706 1492 se
1717 1459 1860 1508 posse

481 1526 715 1582 sentiunt,
739 1530 789 1572 et
811 1523 1034 1571 omniscii
1066 1524 1118 1570 in
1141 1538 1240 1581 eos,
1266 1522 1349 1585 qui
1371 1521 1519 1568 fidem
1545 1520 1727 1568 violare
1751 1519 1860 1566 ideo

482 1601 655 1659 solent,
675 1599 789 1662 quia
806 1599 971 1647 oculos
986 1598 1239 1646 hominum
1251 1597 1404 1644 latere
1425 1612 1475 1644 se
1492 1611 1634 1659 posse
1649 1601 1859 1658 sperant.

1021 2186 1282 2207 l
