1994 3276
473 251 543 284 DE
570 248 933 285 NECESSARHS
959 250 1032 284 AD
1061 251 1335 286 SALUTEM.
1515 245 1612 288 415

229 374 327 424 quo
366 368 512 424 pacto
550 361 827 410 obedientia
864 366 972 408 tuto
1009 360 1068 408 iis
1105 363 1327 424 praestari
1364 364 1534 426 possit,
1575 365 1617 413 si
1656 390 1785 424 SECT,
1805 390 1875 422 111,

229 436 426 500 quando
460 437 753 501 imperatum
774 436 923 485 fuerit
944 435 1144 500 aliquid,
1169 438 1301 500 quod
1335 438 1614 489 CHRISTUS
1742 442 1792 474 ¹⁸⁶

229 511 337 560 fieri
375 513 618 576 prohibet.
688 514 844 562 Causa
883 512 1184 561 difficultatis
1216 520 1306 572 est,
1335 515 1468 576 quod
1505 532 1618 564 011111

231 587 364 636 Deus
381 604 482 636 non
504 588 710 652 amplius
726 604 814 653 per
829 588 1127 637 CHRISTUM
1143 595 1195 636 et
1207 589 1491 654 prophetas
1509 592 1620 640 viva

230 678 350 711 voce
367 679 456 712 nos
474 664 766 727 alloquatur,
787 664 875 713 sed
895 680 984 728 per
1009 663 1285 728 Scripturas
1305 665 1493 725 Saoras,
1511 683 1620 730 quae

231 754 262 787 a
284 738 488 787 diversis
525 739 714 788 diverse
750 739 1073 804 accipiuntur,
1099 740 1260 788 sciunt
1284 741 1480 804 quidem
1504 743 1622 805 quid

230 830 372 878 reges
390 815 635 879 imperant
649 823 701 864 et
717 815 930 864 ecelesia
954 823 1280 880 congregata3
1315 824 1483 865 utrum
1505 834 1621 867 vero

230 890 298 950 id,
319 891 452 955 quod
474 891 731 955 imperant,
753 891 816 940 sit
847 900 1021 940 contra
1055 892 1298 956 imperata
1327 893 1420 941 Dei
1450 909 1620 953 1100110,

230 966 285 1015 id
305 967 531 1015 nesciunt
550 988 562 1023 ;
599 968 685 1016 sed
706 969 978 1016 fluctuante
1003 968 1284 1016 obedientia
1301 969 1431 1017 inter
1452 985 1622 1033 poenas

229 1043 401 1092 mortis
419 1044 710 1109 temporalis
733 1050 782 1092 et
809 1044 1117 1109 spirituali&
1135 1051 1368 1108 tanquam
1387 1045 1623 1108 navigan-

229 1126 306 1168 tes
327 1119 456 1168 inter
489 1120 700 1185 Scyllam
724 1127 775 1168 et
795 1120 1076 1184 Charybdin
1111 1120 1371 1169 incurrunt
1407 1137 1535 1185 saepe
1571 1121 1628 1168 in·

231 1203 506 1260 utramque.
576 1196 675 1245 Qui
696 1212 812 1244 vero
845 1196 1120 1244 necessaria
1144 1196 1208 1244 ad
1231 1197 1451 1257 salutem,
1475 1214 1505 1245 a
1522 1213 1623 1245 non

231 1272 515 1320 necessariis
537 1278 670 1320 recte
690 1271 1015 1335 distinguunt,
1031 1272 1216 1320 nullam
1229 1273 1509 1336 hujusmodi
1533 1273 1623 1320 du-

230 1348 520 1398 bitationem
554 1348 737 1396 habere
766 1354 988 1411 possunt.
1060 1347 1464 1410 Siquidem.enim
1486 1365 1623 1397 man-

231 1424 402 1473 datum
439 1423 673 1487 principis
709 1424 788 1471 vel
828 1423 1039 1471 civitatis
1076 1424 1174 1470 tale
1215 1424 1293 1483 sit,
1339 1432 1396 1472 ut
1437 1424 1624 1472 obediri

231 1500 278 1549 ei
307 1499 462 1565 possit
499 1499 602 1547 sine
636 1500 831 1562 jactura
864 1498 1033 1546 salutis
1056 1506 1267 1559 aeternae,
1292 1500 1529 1563 injustum
1552 1507 1626 1548 est

230 1592 332 1625 non
355 1575 571 1634 obedire,
596 1582 646 1622 et
669 1575 832 1622 locum
854 1574 1039 1622 habent
1077 1583 1325 1638 praecepta
1357 1576 1626 1639 apostolica

234 1652 360 1716 (Col.
384 1651 452 1700 iii.
470 1657 550 1710 20,
575 1652 686 1713 22):
722 1650 848 1698 Filii
872 1649 1065 1698 obedite
1089 1651 1389 1715 parentibus
1404 1668 1506 1717 per
1529 1669 1626 1700 om-

232 1729 320 1777 nia
337 1747 355 1776 .·
402 1726 563 1787 Sefflvi,
600 1726 794 1774 obedite
819 1742 919 1790 per
960 1727 1122 1774 omnia
1158 1727 1367 1775 dominis
1404 1728 1626 1776 earnali-

234 1803 356 1853 bus:
393 1810 445 1851 et
482 1802 767 1851 mandatum
806 1802 1039 1850 CHRISTI
1081 1802 1285 1866 (Matth.
1309 1803 1444 1852 xxiii.
1470 1811 1517 1863 2,
1544 1810 1625 1865 3):

234 1879 399 1945 Super
421 1878 711 1927 cathedram
744 1878 909 1926 Mosis
939 1878 1171 1927 sederunt
1207 1879 1397 1927 Seriboe
1419 1887 1469 1928 et
1492 1880 1628 1928 Pha-

159 2011 163 2015 ·
233 1955 374 2003 risaei
387 1973 407 2010 ,·
438 1955 600 2003 omnia
615 1970 756 2020 ergo,
780 1971 1092 2020 quaecumque
1112 1955 1335 2004 dioeerint
1351 1956 1504 2016 vobis,
1522 1972 1629 2003 ser-

233 2037 349 2080 vate
386 2038 436 2079 et
461 2031 655 2095 facite.
743 2031 941 2089 Contra,
975 2031 1016 2079 si
1052 2031 1214 2080 facere
1250 2033 1485 2095 jusserint
1519 2048 1628 2095 quae

233 2107 505 2172 puniuntur
542 2114 700 2155 morte
736 2114 936 2166 aeterna,
956 2108 1183 2156 insanum
1218 2116 1294 2156 est
1329 2125 1430 2157 non
1465 2109 1628 2173 potius

0 2234 11 2247 ,P
233 2183 360 2231 mori
388 2190 597 2231 mortem
626 2183 917 2242 naturalem,
949 2199 1095 2247 quam
1131 2184 1405 2233 obediendo
1428 2184 1555 2232 mori
1577 2184 1629 2233 in

0 2266 8 2308 ἰ
234 2266 489 2307 aeternum.
558 2260 621 2307 Et
660 2259 825 2307 10011111
857 2260 1007 2307 habet
1039 2260 1171 2323 quod
1202 2261 1321 2309 dicit
1345 2262 1627 2309 Cnms'rus

0 2332 5 2346 ³
233 2334 433 2396 (Matth.
468 2351 517 2383 x.
553 2336 665 2397 28):
714 2335 890 2383 Nolite
928 2335 1100 2383 timere
1132 2352 1232 2396 eos,
1268 2337 1356 2401 qui
1401 2336 1631 2384 occidunt

235 2426 418 2476 eorpus
436 2429 455 2466 ;
490 2411 702 2458 animam
726 2417 885 2458 autem
907 2427 1002 2458 non
1015 2419 1232 2476 possunt
1255 2412 1495 2460 occidere.
1545 2412 1630 2460 Vi-

235 2484 449 2536 dendum
494 2487 662 2550 itaque
704 2494 779 2534 est
821 2503 930 2550 quae
968 2487 1067 2535 sint
1106 2503 1164 2536 ea
1203 2488 1382 2548 omnia,
1418 2505 1527 2552 (11133
1568 2487 1632 2536 3(1

234 2564 440 2614 salutem
464 2570 579 2611 sunt
605 2563 890 2611 necessaria.

302 2647 349 2689 2.
387 2640 513 2688 Sunt
530 2646 696 2687 autem
713 2638 1000 2686 necessaria
1024 2638 1088 2686 ad
1102 2639 1308 2687 salutem
1331 2640 1494 2688 omnia
1513 2639 1631 2688 dua-
1648 2644 1912 2717 ffaffiiffgffioem

238 2715 330 2764 bus
368 2715 630 2764 virtutibus
677 2714 1043 2778 comprehensa,
1077 2714 1193 2776 fide
1239 2723 1288 2763 et
1334 2715 1629 2764 obedientia.
1649 2732 1789 2781 contineri
1802 2732 1843 2781 112⁸
1853 2731 1911 2759 fide

241 2790 432 2839 Harum
465 2790 722 2855 posterior,
748 2790 788 2837 si
817 2789 1035 2853 perfecta
1073 2805 1175 2838 esse
1207 2797 1386 2854 posset,
1413 2792 1516 2840 sola
1533 2791 1630 2840 suf-
1648 2779 1677 2804 Εἰ
1700 2775 1873 2804 ⁰b⁶d¹e¹¹m

238 2867 409 2916 ficeret
432 2883 495 2915 ne
520 2866 863 2916 damnaremur
883 2886 894 2920 ;
932 2865 1018 2913 sed
1037 2865 1151 2928 quia
1165 2873 1215 2914 et
1233 2867 1336 2929 jam
1360 2866 1445 2916 diu
1464 2884 1630 2917 omnes
