1982 3256
320 245 391 280 DE
420 248 559 282 Loco
586 246 913 280 APPARENTE
941 243 1187 291 OBJECTI,
1215 242 1330 280 Ero.
1448 237 1512 280 63

135 372 282 427 quam
305 358 604 414 culminans;
639 357 691 406 id
713 357 844 421 quod
867 364 942 406 est
969 364 1141 406 contra
1164 357 1514 421 experientiam
1557 377 1685 414 sacr.
1706 376 1758 411 11.

133 432 317 483 factam
341 451 371 483 a
395 434 674 483 doctissimo
691 433 954 493 Gassendo,
976 450 1122 498 quam
1139 433 1291 483 refert
1312 433 1364 481 in
1388 434 1513 498 epis-
1645 427 1678 463 ⁷·

132 509 234 558 tola
257 509 318 561 de
341 510 448 559 sole
471 509 642 561 humili
674 516 724 558 et
753 509 964 561 sublimi.
1034 510 1291 569 Praeterea,
1316 509 1511 573 quando

133 585 318 650 aliquid
340 585 532 636 videtur
565 587 720 649 majus
753 592 956 652 propter
989 586 1333 635 refractionem
1368 600 1513 648 quam

133 661 236 713 sine
259 661 566 721 refractione,
585 662 778 711 videtur
801 678 992 726 semper
1016 662 1104 711 sub
1129 661 1309 726 angulo
1332 660 1513 710 visorio

132 738 317 805 majore
340 738 392 787 in
414 738 708 789 refractione
733 755 878 802 quam
897 739 1001 788 sine
1020 738 1340 792 refractione;
1364 745 1421 786 ut
1444 736 1516 799 (in

133 813 216 877 fig.
243 813 293 878 5)
321 814 527 878 angulus
550 814 713 863 LFM
739 817 895 880 major
932 823 1006 865 est
1037 832 1183 880 quam
1207 815 1253 863 K
1269 815 1380 875 FA,
1406 830 1516 862 cum

133 896 297 939 tamen
336 890 527 954 objecta
566 891 610 940 D
631 891 685 952 C,
718 891 758 939 Β
778 892 837 952 Α,
881 909 1088 957 quorum
1128 891 1363 955 imagines
1405 897 1518 940 sunt

134 965 260 1025 ML,
286 966 407 1025 KA,
432 967 532 1016 sint
566 968 791 1032 aequalia.
858 969 933 1018 Ae
968 969 1010 1017 si
1045 968 1151 1032 quis
1186 966 1519 1016 observaverit

134 1049 361 1092 accurate
388 1043 476 1093 sub
507 1044 681 1107 quibus
719 1045 910 1108 angulis
943 1044 1133 1095 visoriis
1155 1043 1386 1092 videntur
1410 1042 1518 1091 duae

134 1117 286 1166 stellae
308 1119 434 1178 fixae,
449 1120 624 1183 positae
642 1121 693 1168 in
716 1121 889 1169 eodem
912 1120 1096 1170 circulo
1114 1119 1349 1178 verticali‚
1369 1120 1421 1167 in
1445 1118 1518 1167 di-

133 1193 284 1244 versis
308 1210 452 1258 super
473 1196 782 1246 horizontem
799 1197 1155 1257 altitudinibuS,
1181 1196 1232 1245 id
1256 1195 1387 1260 quod
1403 1195 1520 1243 feeit

134 1269 257 1323 etin
279 1270 656 1322 commentarios
693 1270 805 1324 suos
841 1274 1012 1325 retulit
1045 1273 1176 1322 idem
1207 1271 1518 1321 doctissimus

135 1346 427 1408 GassendUS,
466 1348 684 1401 inveniet
723 1351 854 1399 idem
901 1350 1031 1415 quod
1070 1350 1167 1409 ille,
1205 1364 1397 1412 nempe,
1438 1363 1520 1395 eas

135 1423 299 1475 stellas
314 1423 468 1475 videri
486 1426 575 1478 sub
599 1428 783 1491 majore
799 1443 989 1493 semper
1011 1427 1191 1491 angulo
1211 1431 1357 1489 prout
1375 1440 1522 1488 supra

134 1498 441 1551 horizontem
475 1503 632 1566 magis
670 1504 935 1552 elevantur.
1006 1502 1065 1551 Id
1089 1502 1220 1566 quod
1243 1500 1521 1565 argumenti

134 1574 244 1624 loeo
268 1583 358 1636 est,
382 1577 568 1628 nullam
592 1595 695 1628 esse
721 1580 919 1628 omnino
943 1579 995 1627 in
1019 1595 1077 1627 ea
1099 1578 1422 1641 atmosphaera
1444 1593 1521 1625 re-

135 1649 444 1702 fractionem.
529 1655 658 1704 Nam
680 1664 865 1720 puncto
890 1656 932 1704 G
955 1657 1144 1719 (figurae
1168 1654 1219 1717 6)
1247 1654 1406 1718 posito
1430 1669 1519 1717 pro

137 1735 306 1777 centro
323 1736 484 1788 terrae,
499 1731 550 1780 in
573 1733 717 1797 hujus
741 1732 996 1798 superficie
1020 1732 1083 1780 sit
1101 1731 1270 1780 oculus
1295 1731 1347 1790 F,
1375 1738 1426 1779 et
1440 1746 1520 1778 eo·-

138 1802 249 1852 dem
272 1804 315 1853 G
337 1814 506 1856 centro
531 1808 669 1858 ducti
701 1809 798 1858 duo
832 1809 1016 1868 circuli,
1041 1809 1167 1858 alter
1189 1808 1240 1860 in
1265 1807 1520 1872 superficie

138 1880 318 1929 extima
331 1885 669 1948 atmosphaerae
695 1887 777 1950 qui
797 1887 860 1935 sit
877 1887 917 1934 E
934 1887 1000 1947 H,
1020 1886 1144 1935 alter
1157 1886 1202 1934 A
1217 1886 1261 1933 D
1278 1886 1330 1934 in
1349 1901 1406 1935 ea
1424 1885 1522 1933 dis-

137 1956 295 2005 tantia
316 1958 377 2007 ab
396 1960 537 2009 oculo
562 1978 709 2025 quam
731 1963 960 2011 videntur
992 1963 1171 2010 habere
1207 1962 1357 2010 stellae
1379 1962 1489 2010 fixae
1510 1981 1522 2017 ;

139 2033 298 2096 sitque
328 2035 366 2082 F
380 2035 424 2083 D
448 2036 667 2098 horizon,
692 2055 928 2103 arcusque
952 2038 997 2087 A
1012 2039 1056 2087 D
1081 2038 1261 2087 divisus
1285 2037 1523 2086 trifariam

138 2109 285 2157 rectis
328 2111 365 2158 F
379 2111 436 2171 B,
475 2113 512 2160 F
527 2113 580 2161 C.
617 2115 935 2177 Manifestum
979 2121 1053 2163 est
1097 2115 1329 2178 angulum
1369 2115 1414 2163 A
1428 2114 1465 2162 F
1481 2113 1522 2161 B

139 2185 373 2248 majorem
408 2204 512 2237 esse
541 2191 720 2254 angulo
746 2191 786 2238 B
802 2192 840 2239 F
855 2191 912 2251 C,
942 2198 991 2239 et
1008 2191 1139 2239 hune
1157 2206 1324 2240 rursus
1343 2190 1523 2254 angulo

140 2259 185 2309 D
201 2261 239 2308 F
254 2261 308 2321 C,
342 2262 487 2327 idque
512 2266 615 2314 sine
638 2267 738 2316 ulla
772 2267 970 2316 omnino
989 2266 1296 2316 refractione.
1368 2267 1526 2316 Causa

140 2336 319 2401 itaque,
353 2355 501 2403 quare
538 2350 668 2391 astra
702 2344 755 2392 in
789 2343 1045 2392 horizonte
1075 2345 1262 2407 majora
1288 2350 1526 2407 apparent

142 2428 289 2478 quam
306 2430 452 2479 supra
473 2418 795 2479 horizontem,
819 2419 1014 2468 aliunde
1037 2419 1250 2484 petenda
1273 2427 1362 2468 est.

209 2495 256 2538 8.
281 2490 522 2543 Ponamus
539 2495 707 2561 itaque
722 2495 1100 2560 atmosphaeram
1112 2512 1214 2544 non
1228 2511 1331 2544 esse
1348 2511 1523 2560 eorpus

68 2600 70 2602 ψ
141 2563 516 2632 homogeneum,
532 2573 618 2621 sed
634 2573 839 2637 guttulis
866 2573 1242 2639 pulvisculisque
1260 2588 1319 2620 ex
1334 2588 1461 2636 aqua
1475 2579 1526 2620 et

142 2648 275 2692 terra
298 2645 495 2696 elevatis
519 2649 881 2714 interspersum,
903 2650 1066 2714 qualia
1084 2666 1289 2714 corpora
1304 2656 1417 2697 sunt
1439 2665 1525 2697 ne-

142 2717 287 2780 bulae,
313 2737 519 2785 quarum
537 2725 644 2774 aliae
667 2726 838 2790 magis,
864 2726 971 2774 aliae
995 2733 1109 2773 sunt
1132 2726 1291 2774 minus
1310 2725 1490 2789 spissae.

209 2806 239 2854 J
242 2821 336 2858 am,
372 2803 602 2869 quoniam
632 2810 763 2851 astra
798 2802 976 2862 omnia,
1014 2809 1114 2849 tam
1151 2818 1209 2850 ea
1242 2818 1351 2866 quae
1381 2808 1525 2850 terrae

144 2881 367 2946 proxima
389 2895 535 2945 quam
559 2895 617 2928 ea
639 2894 748 2945 quae
771 2878 1094 2927 remotissima
1124 2885 1254 2940 sunt,
1288 2885 1527 2943 apparent
