2020 3262
236 359 363 393 SECT.
381 361 450 394 111.

326 411 375 443 17.

213 502 296 531 Paeti
310 505 378 532 novi
390 514 453 542 pro-

211 546 300 574 missa
313 548 459 585 utrimque

211 598 347 625 quaenam
360 591 427 619 sint.

496 223 596 265 382
1064 237 1310 270 RELIGlo.

495 335 727 383 standum
766 336 880 398 (hoe
921 338 1051 386 enim
1081 346 1155 386 est
1191 339 1371 386 servire
1396 337 1520 399 Deo)
1560 345 1609 386 et
1629 339 1791 401 fidem
1824 340 1877 390 in

495 411 698 470 JESUM,
732 428 922 475 nempe,
947 422 1003 461 ut
1043 415 1297 462 credamus
1331 415 1516 461 JESUM
1550 430 1654 462 esse
1697 430 1875 465 ILLUM

499 485 792 535 CHRISTUM
817 504 847 535 a
869 489 973 536 Deo
996 491 1321 552 promissum3
1359 505 1417 536 ea
1451 489 1580 537 enim
1603 490 1707 538 sola
1731 507 1878 540 causa

496 569 586 620 est,
612 579 760 625 quare
784 564 911 611 illius
934 566 1095 627 potius
1121 582 1265 628 quam
1288 565 1487 612 alterius
1525 565 1772 629 sequenda
1809 567 1872 615 sit

495 636 734 685 doctrina.
809 639 1116 688 Obedientioe
1140 649 1305 688 autem
1318 641 1426 688 loeo
1450 640 1501 687 in
1528 641 1686 689 Sacris
1713 642 1876 705 Scrip-

493 713 615 760 turis
639 714 899 776 saepissime
916 716 1117 778 ponitur
1131 715 1445 780 paenitentia,
1463 723 1724 779 propterea
1741 717 1875 780 quod

495 788 772 837 CHRISTUS
811 791 990 853 ubique
1028 791 1172 839 docet
1206 792 1507 839 voluntatem
1544 791 1675 855 apud
1714 793 1875 841 Deum

492 879 582 926 pro
627 864 757 912 facto
803 865 1003 913 haberi:
1044 866 1343 930 poenitentia
1388 875 1552 914 autem
1599 866 1873 916 obedientis

492 939 642 986 animi
678 940 870 1003 signum
909 948 983 988 est
1017 941 1284 989 infallibile.
1355 942 1447 989 His
1479 941 1756 1001 intellectis,
1792 959 1874 991 eas

490 1029 594 1061 esse
599 1015 824 1078 foederis
844 1015 1122 1063 Christiani
1145 1016 1464 1075 conditiones,
1491 1033 1611 1080 quas
1638 1017 1871 1074 diximus3

489 1104 680 1152 nempe,
717 1106 776 1137 ex
798 1098 939 1153 parte
963 1092 1070 1150 Dei,
1099 1092 1214 1139 dare
1235 1092 1512 1139 hominibus
1537 1092 1872 1141 remissionem

490 1172 803 1227 peccatorum
826 1175 876 1214 et
890 1167 1041 1214 vitam
1063 1174 1324 1222 aeternam3
1362 1184 1422 1215 ex
1443 1175 1583 1230 parte
1600 1168 1870 1229 hominum,

489 1240 742 1301 poenitere,
788 1248 839 1289 et
884 1243 1081 1290 eredere
1126 1244 1178 1290 in
1216 1245 1401 1292 JESUM
1441 1244 1772 1300 CHRISTUM;
1809 1259 1870 1292 ex

489 1315 655 1363 multis
672 1316 792 1363 loeis
818 1317 1079 1379 Scripturae
1104 1319 1265 1366 Sacrae
1288 1318 1644 1366 evidentissime
1667 1335 1871 1382 appare-

488 1389 577 1436 bit.
647 1391 825 1449 Primo,
860 1392 1009 1439 verba
1041 1392 1138 1451 illa,
1167 1393 1341 1454 (Marc.
1366 1393 1398 1440 i.
1428 1393 1537 1455 15);
1573 1394 1869 1458 Appropin—

486 1465 661 1528 quavit
684 1481 890 1529 regnum
913 1465 1015 1513 Dei
1031 1485 1048 1520 ;
1074 1468 1381 1530 paenitemini
1412 1474 1462 1515 et
1485 1468 1676 1516 credite
1698 1468 1868 1517 Evan-

485 1539 624 1604 gelio
640 1558 659 1595 ;
702 1541 956 1588 continent
994 1548 1192 1604 paetum
1236 1548 1409 1590 totum.
1493 1543 1740 1603 Similiter,
1785 1544 1870 1594 illa

492 1616 632 1678 (Luc.
656 1616 785 1664 xxiv.
810 1622 890 1675 46,
915 1617 1000 1678 47)
1022 1635 1033 1663 ι
1070 1617 1298 1681 quoniam
1319 1618 1394 1665 sic
1427 1618 1669 1683 scriptum
1703 1626 1793 1679 est,
1818 1625 1868 1668 et

485 1691 563 1738 sic
597 1691 863 1755 oportebat
890 1691 1138 1739 Christum
1159 1693 1280 1756 pati
1316 1699 1365 1740 et
1392 1708 1663 1757 resurgere
1686 1710 1718 1741 a
1742 1711 1868 1742 mor-

487 1766 588 1813 tuis
612 1767 767 1814 tertia
793 1767 890 1825 die,
916 1774 966 1814 et
987 1767 1276 1831 proedicari
1299 1768 1350 1815 in
1372 1768 1561 1815 nomine
1584 1769 1693 1831 ejus
1706 1770 1866 1833 paeni-

485 1842 692 1889 tentiam
738 1849 788 1890 et
832 1842 1164 1890 remissionem
1210 1850 1536 1907 peccatorum
1598 1843 1649 1891 in
1705 1860 1866 1892 omnes

481 1923 678 1980 gentes,
726 1917 1077 1981 incipientibus
1135 1917 1200 1965 ab
1253 1918 1568 1982 Jerosolyma
1584 1937 1603 1974 ;
1662 1925 1712 1966 et
1771 1919 1867 1968 ista

488 1992 620 2053 (Act.
638 1992 705 2039 iii.
729 1998 801 2051 19,
819 1993 904 2054 20)
920 2011 930 2039 :
946 1993 1252 2056 paenitemini
1267 2000 1316 2040 et
1336 1993 1686 2052 convertimini,
1710 2000 1765 2042 ut
1780 1995 1865 2043 de—

484 2067 685 2115 leantur
711 2074 936 2131 peccata
959 2075 1142 2126 vestra,
1178 2075 1232 2115 ut
1265 2085 1371 2115 cum
1391 2068 1613 2116 venerint
1638 2075 1864 2134 tempora

483 2143 767 2207 refrigerii,
804 2151 898 2190 ete.
967 2143 1244 2206 Aliquando
1266 2159 1382 2191 vero
1416 2144 1570 2191 altera
1603 2160 1715 2207 pars
1749 2160 1862 2207 pro-

481 2219 683 2281 ponitur
732 2234 973 2281 expresse,
1035 2219 1188 2266 altera
1241 2219 1632 2282 subintelligitur,
1681 2225 1737 2267 ut
1780 2219 1862 2267 hie

485 2294 616 2355 (Joh.
657 2294 724 2341 iii.
768 2295 886 2355 36):
923 2295 1008 2358 qui
1047 2295 1212 2342 credit
1247 2295 1298 2342 in
1318 2295 1487 2357 filium
1523 2294 1672 2342 habet
1710 2294 1861 2342 vitam

433 2362 434 2366 ¹
480 2375 755 2423 oeternam;
802 2369 888 2433 qui
934 2369 1220 2417 incredulus
1265 2377 1343 2417 est
1366 2369 1502 2432 filie,
1536 2386 1630 2417 non
1674 2368 1860 2418 videbit

480 2443 646 2503 vitam,
671 2444 766 2492 sed
793 2444 876 2492 ira
909 2443 1010 2491 Dei
1043 2452 1207 2492 manet
1242 2461 1395 2509 super
1424 2461 1530 2492 eum
1549 2463 1566 2492 .·
1607 2444 1692 2492 ubi
1715 2444 1858 2506 fides

479 2519 784 2581 exprimitur,
799 2519 1097 2583 paenitentia
1120 2526 1324 2567 tacetur.
1360 2520 1425 2566 Et
1447 2519 1498 2566 in
1510 2518 1857 2582 praedicatione

481 2593 729 2652 CHRISTI,
755 2593 955 2655 (Matth.
975 2593 1037 2641 iv.
1061 2594 1139 2655 17)
1162 2612 1172 2641 :
1209 2594 1522 2641 Poenitemini
1536 2611 1554 2641 .·
1578 2593 1857 2658 appropin-

477 2668 648 2732 quavit
671 2669 796 2715 enim
826 2684 1033 2732 regnum
1067 2668 1199 2717 Dei:
1239 2669 1324 2716 ubi
1356 2668 1657 2733 poenitentia
1696 2668 1856 2730 expri-

478 2744 642 2803 mitur,
690 2743 978 2791 subauditur
1007 2744 1164 2806 fides.
1243 2744 1340 2791 Sed
1380 2742 1765 2790 manifestissime
1806 2749 1856 2790 et

477 2818 814 2866 formalissime
836 2825 1122 2866 contractus
1146 2818 1256 2866 novi
1273 2825 1435 2881 partes
1451 2818 1519 2865 ibi
1534 2817 1854 2880 explicantur,

477 2893 560 2939 ubi
583 2894 808 2956 princeps
834 2893 1045 2955 quidam,
1066 2909 1271 2955 regnum
1286 2893 1377 2940 Dei
1399 2900 1630 2955 tanquam
1644 2893 1852 2952 licitans,

2002 309 2017 430 τοιοῦθ’
