2020 3262
362 251 433 286 DE
461 251 652 285 REGNO
680 249 778 284 DEI
805 248 912 283 PER
940 247 1164 283 PACTUM
1192 249 1416 283 NOVUM.
1487 238 1582 282 395

195 379 370 413 causa:
426 364 511 413 dic
552 363 780 412 eeclesioe
820 361 1019 424 (Matth.
1039 360 1172 408 xviii.
1227 362 1317 422 17),
1365 361 1425 408 de
1468 370 1597 409 con-‘
1627 381 1755 413 sacr.
1776 380 1845 413 111.

192 447 399 504 gregata
442 440 762 504 intelligitur;
812 438 954 487 aliter
1001 437 1132 485 enim
1178 435 1350 484 dicere
1402 437 1587 500 aliquid
1642 478 1650 489 .
1712 433 1761 463 ¹⁷·
1828 478 1834 486 ,

193 515 437 575 ecelesioe,
474 515 770 580 impossibile
794 522 882 562 est.
955 512 1067 571 Sed,
1107 511 1390 559 devastavit
1430 512 1587 559 ecele-

182 591 320 639 siam
359 591 494 654 (Act.
517 591 617 640 viii.
644 591 717 652 3),
755 590 816 638 de
846 605 948 637 non
983 595 1298 651 congregata.
1369 587 1589 636 Sumitur

192 674 358 716 autem
391 666 609 716 ecelesia
640 665 903 730 aliquando
931 680 1022 728 pro
1053 663 1315 727 baptizatis
1347 662 1447 710 sive
1474 663 1590 711 fidei

193 743 487 791 Christianae
502 742 874 807 professoribus,
894 741 995 788 sive
1013 740 1082 788 illi
1101 740 1198 788 sint
1212 739 1405 786 interne
1425 739 1590 787 Chris-

191 818 316 867 tiani
339 817 440 866 sive
465 818 718 873 simulate3
751 824 823 876 ut,
841 816 927 883 ubi
948 816 1156 879 legimus
1179 814 1364 879 aliquid
1384 814 1588 874 dictum,

190 894 269 942 vel
302 894 556 958 scriptum,
581 894 645 942 ad
677 893 956 951 ecelesiam,
980 892 1059 940 vel
1091 892 1294 950 dictum,
1320 891 1588 950 decretum,

189 969 376 1019 factum
408 971 470 1019 ab
501 969 716 1018 ecclesia
734 987 752 1017 .·
787 967 1052 1032 aliquando
1090 975 1257 1015 autem
1286 982 1377 1030 pro
1415 966 1590 1013 electis

183 1052 414 1102 ·tantum;
463 1053 520 1094 ut
554 1045 734 1109 Ephes.
759 1061 806 1092 v.
841 1046 922 1102 27,
968 1044 1054 1091 ubi
1101 1043 1280 1091 dicitur
1325 1048 1506 1090 sancta
1541 1048 1593 1089 et

184 1121 515 1170 immaculata
562 1120 794 1169 ecelesia.
881 1119 997 1167 Non
1044 1126 1211 1166 autem
1266 1126 1382 1166 sunt
1429 1118 1589 1176 electi,

184 1204 433 1261 ⁴quatenus
479 1196 707 1255 militant,
754 1195 952 1259 proprie
999 1195 1132 1242 dicta
1173 1194 1390 1243 eeclesia
1410 1212 1429 1249 ;
1475 1210 1592 1242 nam

192 1274 455 1322 convenire
492 1273 748 1329 nesciunt;
787 1272 875 1320 sed
907 1279 1022 1320 sunt
1057 1271 1491 1335 ecclesiafatara,
1515 1271 1591 1318 ni-

192 1349 371 1397 mirum
389 1349 441 1397 in
460 1348 539 1397 die
557 1348 641 1396 illa
663 1348 715 1396 in
735 1364 834 1412 qua
856 1364 886 1395 a
908 1347 1128 1411 reprobis
1148 1346 1393 1410 segregati
1417 1346 1590 1393 trium-

190 1425 391 1488 phaturi
432 1430 564 1472 sunt.
636 1425 843 1482 Rursus,
891 1422 1108 1471 ecelesia
1155 1422 1281 1470 sumi
1327 1422 1590 1485 aliquando

189 1507 356 1564 potest
394 1517 486 1565 pro
534 1500 760 1548 omnibus
803 1499 947 1547 simul
981 1499 1271 1547 Christianis
1319 1498 1591 1555 collective,

190 1584 249 1625 ut
276 1577 422 1641 (Eph.
450 1594 497 1624 v.
528 1576 615 1638 23)
642 1575 727 1623 ubi
764 1575 1046 1623 CHRISTUS
1082 1582 1291 1622 vocatur
1324 1580 1480 1639 capat
1512 1591 1592 1622 ec-

187 1652 388 1708 clesiam
425 1659 475 1700 et
502 1651 629 1714 (Col.
655 1651 687 1698 i.
721 1651 821 1712 18),
870 1657 1027 1715 caput
1066 1650 1300 1715 corporis
1332 1649 1592 1698 ecclesioe:

188 1727 453 1792 aliquando
491 1742 582 1791 pro
619 1727 840 1790 partibus
878 1727 1000 1792 ejus,
1030 1733 1087 1773 ut
1126 1725 1343 1773 eeclesia
1378 1725 1591 1790 Ephesi,

190 1804 409 1852 eeclesia
444 1820 552 1868 qaa’
587 1810 665 1851 est
699 1803 751 1851 ia
796 1803 937 1850 domo
970 1803 1093 1865 ejas,
1135 1808 1326 1867 septem
1355 1801 1591 1860 ecelesiae,

190 1887 286 1928 etc.
358 1880 627 1937 Postremo,
652 1878 868 1926 ecclesia
890 1886 1039 1942 prout
1065 1894 1156 1942 pro
1181 1885 1312 1926 coetu
1335 1885 1452 1926 actu
1475 1893 1592 1925 con-

192 1964 400 2020 gregato
447 1955 670 2014 sumitur,
716 1971 807 2018 pro
857 1954 1050 2002 diverso
1097 1955 1195 2001 fine
1241 1953 1590 2017 congregandi,

191 2032 436 2095 significat
459 2030 724 2094 aliquando
755 2045 854 2089 eos,
881 2029 965 2092 qui
997 2036 1362 2093 congregantur
1384 2030 1448 2077 ad
1472 2029 1592 2078 deli-

190 2107 470 2156 berationes
513 2113 563 2154 et
599 2106 819 2170 judicia3
874 2121 970 2168 quo
1011 2121 1158 2153 sensu
1197 2114 1404 2154 vocatur
1443 2106 1591 2155 etiam

193 2183 471 2242 concilium,
505 2190 555 2231 et
590 2181 833 2247 synodus:
870 2182 1135 2246 aliquando
1167 2198 1266 2241 eos,
1301 2182 1386 2246 qui
1417 2198 1595 2230 conve-

192 2260 338 2308 niunt
383 2259 436 2307 in
477 2258 678 2307 domum
719 2258 953 2306 orationis
996 2257 1060 2306 ad
1102 2257 1363 2306 colendum
1403 2257 1591 2313 Deum;

194 2351 292 2399 qua
327 2334 687 2398 significatione
722 2333 938 2397 ponitur,
980 2340 999 2382 l
1040 2333 1152 2382 Cor.
1194 2334 1292 2382 xiv.
1330 2339 1378 2393 4,
1424 2340 1468 2393 5,
1511 2340 1591 2394 23,

194 2417 275 2470 28,
301 2419 396 2458 etc.

262 2493 343 2536 20.
376 2486 615 2534 Ecclesia
630 2493 811 2546 autem,
828 2487 908 2535 cui
926 2487 1266 2534 attribuuntur
1274 2486 1593 2551 personalia,
1612 2489 1883 2540 qudsiteeelesia,

1612 2543 1662 2563 clu
1677 2535 1882 2562 attribuuntur

197 2571 246 2611 et
269 2563 472 2626 propria
483 2563 613 2625 jara
645 2562 980 2626 actionesque,
1005 2568 1055 2609 et
1087 2562 1148 2609 de
1173 2578 1271 2625 qua
1292 2578 1490 2610 necesse
1523 2568 1596 2609 est
1608 2578 1686 2628 μω,
1700 2579 1841 2628 aeones,

196 2638 405 2702 intelligi
423 2639 535 2686 illa:
563 2638 664 2686 Dic
684 2638 922 2697 ecelesiae,
947 2638 1034 2702 qai
1058 2654 1152 2685 non
1166 2638 1415 2686 obedierit
1438 2637 1597 2686 eccle·
1613 2622 1768 2694 {ssnffiffa
1789 2631 1853 2659 Pe*

197 2714 304 2773 sioe,
347 2723 398 2763 et
435 2714 675 2778 ejusmodi
715 2730 883 2762 omnes
919 2714 1153 2777 loquendi
1188 2714 1438 2773 formulas,
1477 2714 1596 2764 defi-

197 2790 380 2838 nienda
419 2791 490 2838 ita
531 2797 621 2850 est,
658 2797 714 2838 ut
750 2789 1053 2853 intelligatur
1090 2806 1148 2838 ea
1179 2807 1298 2839 voce
1331 2790 1596 2839 multitado

198 2866 439 2916 hominum
457 2867 544 2932 qai
554 2873 763 2932 pactam
782 2883 952 2915 novam
971 2884 1076 2915 cam
1100 2868 1209 2916 Deo
1220 2883 1322 2932 per
1344 2866 1596 2916 Christum
