2020 3262
215 397 341 429 SECT.
359 398 407 429 11.

282 449 332 478 11.

186 1065 336 1094 Bonorum

186 1108 343 1137 maximum
358 1107 404 1134 sui

187 1152 292 1188 cuique
305 1158 415 1178 conser-

185 1194 276 1227 vatio;
293 1193 452 1221 maximum

184 1237 302 1270 malum,
321 1239 453 1273 respectu

456 255 519 297 98
948 265 1018 296 DE
1047 264 1286 297 HOMINE.

458 375 598 423 mala.
649 375 722 423 Ac
747 375 939 438 quando
963 376 1117 438 major
1138 391 1250 438 pars
1271 376 1402 421 bona
1423 380 1510 431 est,
1535 373 1679 420 series
1701 374 1831 421 bona

459 451 653 510 dicitur,
673 457 722 498 et
740 451 1014 513 appetitur;
1039 459 1224 508 contra,
1244 451 1283 497 si
1306 451 1461 512 major
1478 464 1590 511 pars
1607 449 1734 496 mala
1751 449 1828 507 sit,

457 533 617 574 totum
650 525 947 588 repudiatur,
983 525 1024 572 si
1057 533 1222 572 tamen
1255 525 1324 571 ita
1357 539 1459 570 esse
1483 523 1731 585 cognitum
1753 523 1829 570 sit.

461 601 604 649 Unde
644 600 807 648 evenit
844 606 899 647 ut
936 599 1154 646 homines
1194 598 1419 661 imperiti,
1466 598 1832 660 consequentias

459 692 621 723 rerum
643 692 814 738 parum
836 676 981 738 longe
1003 675 1366 737 prospicientes,
1392 673 1523 736 quod
1543 674 1725 720 bonum
1749 689 1834 736 ap-

459 758 599 814 paret
643 751 903 814 accipiunt,
948 750 1128 797 malum
1168 766 1410 797 annexum
1448 764 1547 796 non
1585 748 1833 802 videntes;

459 834 630 890 postea
653 826 936 873 damnosum
955 825 1281 887 experiuntur.
1319 825 1479 886 Atque
1501 824 1595 871 hoc
1615 831 1688 870 est
1705 822 1837 885 quod

460 902 632 950 volunt
672 902 757 960 illi,
799 901 881 963 qui
918 902 1101 948 bonum
1141 908 1190 947 et
1225 900 1405 947 malum
1442 899 1746 962 distinguunt
1785 898 1836 945 in

461 994 625 1025 verum
649 984 697 1024 et
720 993 988 1041 apparens.

532 1058 578 1100 6.
615 1053 864 1100 Bonorum
896 1059 1057 1098 autem
1080 1051 1291 1113 primum
1308 1057 1381 1097 est
1404 1066 1490 1097 sua
1513 1050 1684 1112 cuique
1722 1065 1839 1096 con-

469 1129 690 1176 servatio.
731 1128 921 1175 Natura
943 1127 1071 1174 enim
1095 1133 1426 1189 comparatum
1450 1133 1538 1183 est,
1563 1132 1618 1172 ut
1642 1123 1839 1187 cupiant

470 1219 636 1252 omnes
654 1203 745 1250 sibi
760 1204 884 1250 bene
904 1218 1020 1249 esse.
1055 1201 1202 1264 Cujus
1219 1207 1275 1247 ut
1292 1216 1493 1263 capaces
1511 1215 1613 1247 esse
1635 1199 1838 1262 possint,

183 1279 454 1316 natm>0⁰m¹1³t³⁰
469 1294 666 1326 necesse
689 1285 762 1325 est
785 1277 982 1340 cupiant
1004 1277 1170 1334 vitam,
1202 1276 1473 1333 sanitatem,
1498 1283 1548 1322 et
1569 1274 1838 1337 utriusque,

236 2346 359 2373 Divitiae.

469 1361 706 1416 quantum
738 1353 844 1399 fieri
876 1358 1050 1414 potest,
1086 1351 1391 1399 securitatem
1420 1350 1572 1398 futuri
1593 1349 1838 1412 temporis.

469 1428 652 1475 Contra
674 1443 805 1484 vero,
829 1428 1066 1474 malorum
1089 1427 1305 1474 omnium
1322 1426 1532 1489 primum
1554 1440 1698 1483 mom,
1715 1440 1840 1487 prae-

466 1503 633 1551 sertim
657 1519 767 1550 cum
790 1502 1036 1557 cruciatu3
1069 1518 1180 1549 nam
1203 1508 1353 1549 tantae
1376 1507 1579 1564 possunt
1602 1515 1705 1548 esse
1727 1499 1841 1547 vitae

466 1578 795 1642 aegritudines,
818 1584 889 1636 ut,
914 1577 1008 1624 nisi
1033 1593 1198 1624 earum
1220 1577 1331 1624 finis
1349 1577 1646 1639 propinquus
1668 1574 1841 1638 praevi-

468 1654 655 1712 deatur,
680 1653 862 1700 faciant
883 1659 1090 1700 mortem
1113 1653 1241 1699 inter
1270 1653 1399 1699 bona
1419 1650 1677 1699 numerari.

535 1730 771 1787 Potentia,
805 1728 845 1775 si
882 1728 1057 1775 eximia
1093 1727 1171 1785 sit,
1201 1728 1331 1774 bona
1368 1733 1454 1784 est,
1480 1725 1593 1789 quia
1626 1725 1758 1772 utilis
1781 1723 1844 1771 ad

468 1804 776 1868 praesidium;
801 1803 852 1850 in
875 1803 1098 1866 praesidio
1122 1810 1285 1850 autem
1308 1802 1553 1849 securitas.
1602 1801 1654 1848 Si
1671 1799 1846 1847 eximia

469 1896 571 1927 non
609 1879 686 1937 sit,
723 1878 936 1934 inutilis3
971 1894 1084 1925 nam
1121 1894 1230 1940 quae
1266 1877 1489 1925 omnibus
1524 1876 1722 1940 aequalis
1757 1881 1844 1932 est,

470 1955 605 2002 nulla
629 1961 716 2002 est.

538 2030 780 2077 Amicitiae
816 2031 975 2087 bonae,
1005 2044 1179 2091 nempe
1218 2028 1378 2075 utiles.
1447 2027 1575 2074 Nam
1619 2025 1845 2073 amicitiae

475 2122 586 2153 cum
609 2105 671 2152 ad
694 2105 849 2152 multa
888 2104 982 2151 alia
1018 2110 1123 2150 tum
1160 2103 1223 2150 ad
1255 2102 1534 2165 praesidium
1574 2100 1844 2149 conferunt.

475 2181 647 2243 Itaque
670 2179 935 2227 inimicitiae
958 2179 1113 2237 malae,
1137 2185 1192 2225 ut
1228 2194 1336 2240 quae
1376 2177 1590 2240 pericula
1622 2177 1845 2233 afferunt,

475 2255 756 2319 praesidium
780 2254 974 2302 tollunt.
1635 2259 1638 2262 ’

544 2333 589 2385 7.
626 2330 835 2388 Divitiae,
853 2330 892 2377 si
907 2330 1143 2392 ingenteS‚
1159 2344 1334 2391 nempe
1347 2335 1404 2375 ut
1419 2327 1634 2375 definivit
1650 2326 1848 2373 divitem

478 2406 723 2463 Lucullus,
749 2421 858 2452 eum
882 2420 985 2451 esse
1021 2404 1104 2467 qui
1140 2403 1405 2450 exercitum
1441 2402 1567 2449 alere
1602 2401 1755 2464 possit
1788 2416 1848 2447 ex

479 2498 581 2540 suo,
627 2481 762 2528 utile.
834 2481 958 2527 Sunt
1005 2479 1132 2526 enim
1177 2478 1454 2541 praesidium
1499 2477 1600 2524 fere
1646 2482 1847 2523 certum.

479 2557 639 2603 Etiam
653 2555 872 2613 modicae,
890 2555 1072 2602 volenti
1095 2554 1188 2601 illis
1207 2553 1269 2600 ad
1286 2552 1562 2615 praesidium
1575 2550 1664 2608 uti,
1683 2550 1848 2605 utiles;

478 2647 592 2678 nam
616 2631 873 2693 acquirunt
896 2630 1128 2677 amicitias
1150 2650 1161 2683 ;
1198 2628 1423 2675 amicitiae
1441 2633 1604 2673 autem
1621 2625 1847 2688 praesidio

481 2713 607 2752 sunt.
644 2706 936 2753 Nolentibus
960 2712 1122 2751 autem
1140 2703 1203 2750 ad
1220 2701 1495 2766 praesidium
1512 2701 1600 2757 uti,
1621 2700 1852 2747 invidiam

478 2789 763 2843 provocant.
835 2781 958 2827 Sunt
983 2796 1099 2842 ergo
1126 2779 1295 2826 bonum
1319 2791 1574 2840 apparens
1598 2783 1803 2823 tantum.

547 2855 757 2914 Divitiae,
781 2872 881 2903 non
898 2855 1080 2902 relictae
1105 2853 1189 2900 sed
1206 2851 1446 2900 industria
1468 2850 1664 2913 propria
1689 2850 1853 2913 acqui-
