<?xml version="1.0" encoding="UTF-8"?>
<!DOCTYPE html PUBLIC "-//W3C//DTD XHTML 1.0 Transitional//EN"
    "http://www.w3.org/TR/xhtml1/DTD/xhtml1-transitional.dtd">
<html xmlns="http://www.w3.org/1999/xhtml" xml:lang="en" lang="en">
 <head>
  <title>
</title>
<meta http-equiv="Content-Type" content="text/html;charset=utf-8" />
  <meta name='ocr-system' content='tesseract 3.04.00' />
  <meta name='ocr-capabilities' content='ocr_page ocr_carea ocr_par ocr_line ocrx_word'/>
</head>
<body>
  <div class='ocr_page' id='page_1' title='image "./operaphilosophic02hobbuoft_0322.png"; bbox 0 0 2020 3262; ppageno 0'>
   <div class='ocr_carea' id='block_1_1' title="bbox 222 381 440 416">
    <p class='ocr_par' dir='ltr' id='par_1_1' title="bbox 222 381 440 416">
     <span class='ocr_line' id='line_1_1' title="bbox 222 381 440 416; baseline 0.018 -4"><span class='ocrx_word' id='word_1_1' title='bbox 222 381 350 414; x_wconf 84' lang='lat' dir='ltr'>SECT.</span> <span class='ocrx_word' id='word_1_2' title='bbox 371 381 440 416; x_wconf 86' lang='lat'>111.</span> 
     </span>
    </p>
   </div>
   <div class='ocr_carea' id='block_1_2' title="bbox 308 432 358 464">
    <p class='ocr_par' dir='ltr' id='par_1_2' title="bbox 308 432 358 464">
     <span class='ocr_line' id='line_1_2' title="bbox 308 432 358 464; baseline 0.02 -1"><span class='ocrx_word' id='word_1_3' title='bbox 308 432 358 464; x_wconf 84' lang='lat'>13.</span> 
     </span>
    </p>
   </div>
   <div class='ocr_carea' id='block_1_3' title="bbox 195 1117 462 1363">
    <p class='ocr_par' dir='ltr' id='par_1_3' title="bbox 195 1117 462 1363">
     <span class='ocr_line' id='line_1_3' title="bbox 197 1117 441 1155; baseline -0.004 -8"><span class='ocrx_word' id='word_1_4' title='bbox 197 1118 266 1147; x_wconf 90' lang='lat' dir='ltr'>Non</span> <span class='ocrx_word' id='word_1_5' title='bbox 279 1126 342 1146; x_wconf 81' lang='lat' dir='ltr'>esse</span> <span class='ocrx_word' id='word_1_6' title='bbox 355 1117 441 1155; x_wconf 80' lang='lat' dir='ltr'>plura</span> 
     </span>
     <span class='ocr_line' id='line_1_4' title="bbox 196 1161 462 1199; baseline 0 -10"><span class='ocrx_word' id='word_1_7' title='bbox 196 1161 310 1199; x_wconf 78' lang='lat' dir='ltr'>legibus</span> <span class='ocrx_word' id='word_1_8' title='bbox 324 1161 462 1190; x_wconf 81' lang='lat' dir='ltr'>definien-</span> 
     </span>
     <span class='ocr_line' id='line_1_5' title="bbox 196 1205 451 1242; baseline 0 -10"><span class='ocrx_word' id='word_1_9' title='bbox 196 1205 243 1238; x_wconf 76' lang='lat' dir='ltr'>da,</span> <span class='ocrx_word' id='word_1_10' title='bbox 256 1213 344 1242; x_wconf 81' lang='lat' dir='ltr'>quam</span> <span class='ocrx_word' id='word_1_11' title='bbox 356 1208 451 1242; x_wconf 81' lang='lat' dir='ltr'>postu-</span> 
     </span>
     <span class='ocr_line' id='line_1_6' title="bbox 195 1247 402 1276; baseline 0 -1"><span class='ocrx_word' id='word_1_12' title='bbox 195 1247 239 1276; x_wconf 80' lang='lat' dir='ltr'>lat</span> <span class='ocrx_word' id='word_1_13' title='bbox 252 1248 359 1276; x_wconf 87' lang='lat' dir='ltr'>civium</span> <span class='ocrx_word' id='word_1_14' title='bbox 373 1251 402 1275; x_wconf 83' lang='lat' dir='ltr'>et</span> 
     </span>
     <span class='ocr_line' id='line_1_7' title="bbox 196 1291 410 1319; baseline 0 0"><span class='ocrx_word' id='word_1_15' title='bbox 196 1291 322 1319; x_wconf 85' lang='lat' dir='ltr'>civitatis</span> <span class='ocrx_word' id='word_1_16' title='bbox 335 1300 410 1319; x_wconf 86' lang='lat' dir='ltr'>com-</span> 
     </span>
     <span class='ocr_line' id='line_1_8' title="bbox 196 1334 324 1363; baseline 0 -1"><span class='ocrx_word' id='word_1_17' title='bbox 196 1334 324 1363; x_wconf 87' lang='lat' dir='ltr'>modum.</span> 
     </span>
    </p>
   </div>
   <div class='ocr_carea' id='block_1_4' title="bbox 482 239 1333 288">
    <p class='ocr_par' dir='ltr' id='par_1_4' title="bbox 482 239 1333 288">
     <span class='ocr_line' id='line_1_9' title="bbox 482 239 1333 288; baseline 0.006 -5"><span class='ocrx_word' id='word_1_18' title='bbox 482 239 578 284; x_wconf 88' lang='lat'>308</span> <span class='ocrx_word' id='word_1_19' title='bbox 1028 252 1333 288; x_wconf 81' lang='lat' dir='ltr'><strong>IMPERIUM.</strong></span> 
     </span>
    </p>
   </div>
   <div class='ocr_carea' id='block_1_5' title="bbox 473 360 1932 2840">
    <p class='ocr_par' dir='ltr' id='par_1_5' title="bbox 478 360 1926 1106">
     <span class='ocr_line' id='line_1_10' title="bbox 480 360 1869 428; baseline 0.002 -20"><span class='ocrx_word' id='word_1_20' title='bbox 480 360 627 409; x_wconf 91' lang='lat' dir='ltr'>moda</span> <span class='ocrx_word' id='word_1_21' title='bbox 643 361 792 410; x_wconf 87' lang='lat' dir='ltr'>totius</span> <span class='ocrx_word' id='word_1_22' title='bbox 815 362 984 411; x_wconf 90' lang='lat' dir='ltr'>mundi</span> <span class='ocrx_word' id='word_1_23' title='bbox 1007 365 1109 412; x_wconf 88' lang='lat' dir='ltr'>solo</span> <span class='ocrx_word' id='word_1_24' title='bbox 1131 381 1256 428; x_wconf 92' lang='lat' dir='ltr'>pene</span> <span class='ocrx_word' id='word_1_25' title='bbox 1279 365 1445 412; x_wconf 88' lang='lat' dir='ltr'>labore</span> <span class='ocrx_word' id='word_1_26' title='bbox 1463 370 1625 427; x_wconf 90' lang='lat' dir='ltr'>empta</span> <span class='ocrx_word' id='word_1_27' title='bbox 1646 364 1699 412; x_wconf 91' lang='lat' dir='ltr'>in</span> <span class='ocrx_word' id='word_1_28' title='bbox 1720 379 1869 412; x_wconf 87' lang='lat' dir='ltr'>unam</span> 
     </span>
     <span class='ocr_line' id='line_1_11' title="bbox 482 436 1870 503; baseline 0.002 -19"><span class='ocrx_word' id='word_1_29' title='bbox 482 436 730 486; x_wconf 84' lang='lat' dir='ltr'>civitatem</span> <span class='ocrx_word' id='word_1_30' title='bbox 765 446 1148 502; x_wconf 84' lang='lat' dir='ltr'>comportantur,</span> <span class='ocrx_word' id='word_1_31' title='bbox 1173 441 1292 488; x_wconf 87' lang='lat' dir='ltr'>item</span> <span class='ocrx_word' id='word_1_32' title='bbox 1324 439 1625 499; x_wconf 79' lang='lat' dir='ltr'>mechanica,</span> <span class='ocrx_word' id='word_1_33' title='bbox 1650 439 1739 487; x_wconf 88' lang='lat' dir='ltr'>sub</span> <span class='ocrx_word' id='word_1_34' title='bbox 1772 456 1870 503; x_wconf 90' lang='lat' dir='ltr'>qua</span> 
     </span>
     <span class='ocr_line' id='line_1_12' title="bbox 481 513 1867 578; baseline 0.001 -18"><span class='ocrx_word' id='word_1_35' title='bbox 481 527 648 561; x_wconf 91' lang='lat' dir='ltr'>omnes</span> <span class='ocrx_word' id='word_1_36' title='bbox 673 513 1014 562; x_wconf 86' lang='lat' dir='ltr'>excellentium</span> <span class='ocrx_word' id='word_1_37' title='bbox 1032 515 1336 578; x_wconf 90' lang='lat' dir='ltr'>opificiorum</span> <span class='ocrx_word' id='word_1_38' title='bbox 1350 521 1478 562; x_wconf 89' lang='lat' dir='ltr'>artes</span> <span class='ocrx_word' id='word_1_39' title='bbox 1493 513 1867 578; x_wconf 86' lang='lat' dir='ltr'><strong>comprehendo,</strong></span> 
     </span>
     <span class='ocr_line' id='line_1_13' title="bbox 481 588 1870 648; baseline 0.001 -12"><span class='ocrx_word' id='word_1_40' title='bbox 481 595 530 636; x_wconf 88' lang='lat' dir='ltr'>et</span> <span class='ocrx_word' id='word_1_41' title='bbox 563 588 788 636; x_wconf 73' lang='lat' dir='ltr'>scientioe</span> <span class='ocrx_word' id='word_1_42' title='bbox 828 589 1199 648; x_wconf 66' lang='lat' dir='ltr'>mathematicae,</span> <span class='ocrx_word' id='word_1_43' title='bbox 1240 589 1450 637; x_wconf 85' lang='lat' dir='ltr'>nauticae</span> <span class='ocrx_word' id='word_1_44' title='bbox 1487 596 1538 637; x_wconf 91' lang='lat' dir='ltr'>et</span> <span class='ocrx_word' id='word_1_45' title='bbox 1575 588 1870 638; x_wconf 88' lang='lat' dir='ltr'>mechanicae</span> 
     </span>
     <span class='ocr_line' id='line_1_14' title="bbox 478 663 1870 723; baseline 0.001 -12"><span class='ocrx_word' id='word_1_46' title='bbox 478 663 653 723; x_wconf 88' lang='lat' dir='ltr'>fontes,</span> <span class='ocrx_word' id='word_1_47' title='bbox 678 663 730 711; x_wconf 93' lang='lat' dir='ltr'>in</span> <span class='ocrx_word' id='word_1_48' title='bbox 752 663 937 712; x_wconf 85' lang='lat' dir='ltr'>honore</span> <span class='ocrx_word' id='word_1_49' title='bbox 955 664 1241 713; x_wconf 85' lang='lat' dir='ltr'>habeantur.</span> <span class='ocrx_word' id='word_1_50' title='bbox 1277 664 1358 712; x_wconf 92' lang='lat' dir='ltr'>Ad</span> <span class='ocrx_word' id='word_1_51' title='bbox 1373 664 1575 712; x_wconf 88' lang='lat' dir='ltr'>tertium</span> <span class='ocrx_word' id='word_1_52' title='bbox 1596 663 1738 713; x_wconf 89' lang='lat' dir='ltr'>utiles</span> <span class='ocrx_word' id='word_1_53' title='bbox 1756 672 1870 713; x_wconf 88' lang='lat' dir='ltr'>sunt</span> 
     </span>
     <span class='ocr_line' id='line_1_15' title="bbox 478 738 1870 803; baseline 0.001 -17"><span class='ocrx_word' id='word_1_54' title='bbox 478 739 612 803; x_wconf 84' lang='lat' dir='ltr'>leges</span> <span class='ocrx_word' id='word_1_55' title='bbox 647 738 759 798; x_wconf 89' lang='lat' dir='ltr'>illae,</span> <span class='ocrx_word' id='word_1_56' title='bbox 802 739 977 802; x_wconf 92' lang='lat' dir='ltr'>quibus</span> <span class='ocrx_word' id='word_1_57' title='bbox 1013 745 1199 787; x_wconf 83' lang='lat' dir='ltr'><strong>sumtus</strong></span> <span class='ocrx_word' id='word_1_58' title='bbox 1234 745 1331 787; x_wconf 89' lang='lat' dir='ltr'>tam</span> <span class='ocrx_word' id='word_1_59' title='bbox 1375 740 1427 786; x_wconf 92' lang='lat' dir='ltr'>in</span> <span class='ocrx_word' id='word_1_60' title='bbox 1467 739 1599 788; x_wconf 90' lang='lat' dir='ltr'>cibos</span> <span class='ocrx_word' id='word_1_61' title='bbox 1637 755 1782 803; x_wconf 87' lang='lat' dir='ltr'>quam</span> <span class='ocrx_word' id='word_1_62' title='bbox 1817 740 1870 788; x_wconf 90' lang='lat' dir='ltr'>in</span> 
     </span>
     <span class='ocr_line' id='line_1_16' title="bbox 478 815 1870 878; baseline 0.001 -16"><span class='ocrx_word' id='word_1_63' title='bbox 478 822 654 874; x_wconf 89' lang='lat' dir='ltr'>vestes,</span> <span class='ocrx_word' id='word_1_64' title='bbox 681 821 731 862; x_wconf 90' lang='lat' dir='ltr'>et</span> <span class='ocrx_word' id='word_1_65' title='bbox 760 815 1038 863; x_wconf 89' lang='lat' dir='ltr'>universum</span> <span class='ocrx_word' id='word_1_66' title='bbox 1064 816 1116 863; x_wconf 91' lang='lat' dir='ltr'>in</span> <span class='ocrx_word' id='word_1_67' title='bbox 1138 831 1215 862; x_wconf 89' lang='lat' dir='ltr'>res</span> <span class='ocrx_word' id='word_1_68' title='bbox 1240 831 1422 875; x_wconf 91' lang='lat' dir='ltr'>omnes,</span> <span class='ocrx_word' id='word_1_69' title='bbox 1448 832 1555 878; x_wconf 90' lang='lat' dir='ltr'>quae</span> <span class='ocrx_word' id='word_1_70' title='bbox 1577 831 1670 863; x_wconf 88' lang='lat' dir='ltr'>usu</span> <span class='ocrx_word' id='word_1_71' title='bbox 1693 830 1870 863; x_wconf 89' lang='lat' dir='ltr'>consu-</span> 
     </span>
     <span class='ocr_line' id='line_1_17' title="bbox 478 890 1926 954; baseline -0.001 -15"><span class='ocrx_word' id='word_1_72' title='bbox 478 897 694 949; x_wconf 91' lang='lat' dir='ltr'>muntur,</span> <span class='ocrx_word' id='word_1_73' title='bbox 719 890 967 938; x_wconf 88' lang='lat' dir='ltr'>immodici</span> <span class='ocrx_word' id='word_1_74' title='bbox 991 890 1356 954; x_wconf 84' lang='lat' dir='ltr'>prohibeantur.</span> <span class='ocrx_word' id='word_1_75' title='bbox 1429 890 1672 940; x_wconf 77' lang='lat' dir='ltr'>Quoniam</span> <span class='ocrx_word' id='word_1_76' title='bbox 1705 898 1870 938; x_wconf 88' lang='lat' dir='ltr'>autem</span> <span class='ocrx_word' id='word_1_77' title='bbox 1921 936 1926 943; x_wconf 80' lang='grc'>,</span> 
     </span>
     <span class='ocr_line' id='line_1_18' title="bbox 478 964 1871 1030; baseline 0.001 -18"><span class='ocrx_word' id='word_1_78' title='bbox 478 964 610 1028; x_wconf 90' lang='lat' dir='ltr'>leges</span> <span class='ocrx_word' id='word_1_79' title='bbox 633 965 755 1013; x_wconf 87' lang='lat' dir='ltr'>tales</span> <span class='ocrx_word' id='word_1_80' title='bbox 777 965 841 1013; x_wconf 91' lang='lat' dir='ltr'>ad</span> <span class='ocrx_word' id='word_1_81' title='bbox 863 967 983 1014; x_wconf 88' lang='lat' dir='ltr'>fines</span> <span class='ocrx_word' id='word_1_82' title='bbox 1006 982 1153 1029; x_wconf 91' lang='lat' dir='ltr'>supra</span> <span class='ocrx_word' id='word_1_83' title='bbox 1177 967 1331 1015; x_wconf 90' lang='lat' dir='ltr'>dictos</span> <span class='ocrx_word' id='word_1_84' title='bbox 1349 966 1490 1014; x_wconf 88' lang='lat' dir='ltr'>utiles</span> <span class='ocrx_word' id='word_1_85' title='bbox 1509 974 1638 1026; x_wconf 88' lang='lat' dir='ltr'>sunt,</span> <span class='ocrx_word' id='word_1_86' title='bbox 1657 967 1871 1030; x_wconf 83' lang='lat' dir='ltr'>pertinet</span> 
     </span>
     <span class='ocr_line' id='line_1_19' title="bbox 479 1040 1648 1106; baseline 0.003 -19"><span class='ocrx_word' id='word_1_87' title='bbox 479 1040 627 1088; x_wconf 90' lang='lat' dir='ltr'>etiam</span> <span class='ocrx_word' id='word_1_88' title='bbox 651 1040 715 1088; x_wconf 90' lang='lat' dir='ltr'>ad</span> <span class='ocrx_word' id='word_1_89' title='bbox 738 1041 950 1089; x_wconf 90' lang='lat' dir='ltr'>officium</span> <span class='ocrx_word' id='word_1_90' title='bbox 973 1042 1317 1106; x_wconf 88' lang='lat' dir='ltr'>imperantium</span> <span class='ocrx_word' id='word_1_91' title='bbox 1341 1059 1421 1091; x_wconf 83' lang='lat' dir='ltr'>eas</span> <span class='ocrx_word' id='word_1_92' title='bbox 1445 1043 1648 1094; x_wconf 88' lang='lat' dir='ltr'>sancire.</span> 
     </span>
    </p>

    <p class='ocr_par' dir='ltr' id='par_1_6' title="bbox 473 1116 1932 2840">
     <span class='ocr_line' id='line_1_20' title="bbox 550 1116 1869 1182; baseline 0.002 -19"><span class='ocrx_word' id='word_1_93' title='bbox 550 1122 625 1163; x_wconf 90' lang='lat'>15.</span> <span class='ocrx_word' id='word_1_94' title='bbox 661 1116 881 1164; x_wconf 84' lang='lat' dir='ltr'>Libertas</span> <span class='ocrx_word' id='word_1_95' title='bbox 905 1118 1084 1166; x_wconf 88' lang='lat' dir='ltr'>civium</span> <span class='ocrx_word' id='word_1_96' title='bbox 1107 1134 1208 1166; x_wconf 93' lang='lat' dir='ltr'>non</span> <span class='ocrx_word' id='word_1_97' title='bbox 1231 1120 1282 1167; x_wconf 92' lang='lat' dir='ltr'>in</span> <span class='ocrx_word' id='word_1_98' title='bbox 1302 1135 1359 1166; x_wconf 93' lang='lat' dir='ltr'>eo</span> <span class='ocrx_word' id='word_1_99' title='bbox 1383 1119 1477 1167; x_wconf 87' lang='lat' dir='ltr'>sita</span> <span class='ocrx_word' id='word_1_100' title='bbox 1500 1126 1588 1178; x_wconf 91' lang='lat' dir='ltr'>est,</span> <span class='ocrx_word' id='word_1_101' title='bbox 1607 1127 1664 1166; x_wconf 89' lang='lat' dir='ltr'>ut</span> <span class='ocrx_word' id='word_1_102' title='bbox 1680 1118 1869 1182; x_wconf 89' lang='lat' dir='ltr'>legibus</span> 
     </span>
     <span class='ocr_line' id='line_1_21' title="bbox 483 1190 1868 1258; baseline 0.004 -21"><span class='ocrx_word' id='word_1_103' title='bbox 483 1190 695 1239; x_wconf 87' lang='lat' dir='ltr'>civitatis</span> <span class='ocrx_word' id='word_1_104' title='bbox 711 1193 925 1255; x_wconf 86' lang='lat' dir='ltr'>exempti</span> <span class='ocrx_word' id='word_1_105' title='bbox 943 1193 1055 1253; x_wconf 92' lang='lat' dir='ltr'>sint,</span> <span class='ocrx_word' id='word_1_106' title='bbox 1070 1194 1147 1242; x_wconf 89' lang='lat' dir='ltr'>vel</span> <span class='ocrx_word' id='word_1_107' title='bbox 1161 1201 1216 1242; x_wconf 90' lang='lat' dir='ltr'>ut</span> <span class='ocrx_word' id='word_1_108' title='bbox 1230 1195 1282 1254; x_wconf 92' lang='lat' dir='ltr'>ii,</span> <span class='ocrx_word' id='word_1_109' title='bbox 1301 1195 1383 1258; x_wconf 91' lang='lat' dir='ltr'>qui</span> <span class='ocrx_word' id='word_1_110' title='bbox 1403 1194 1612 1242; x_wconf 88' lang='lat' dir='ltr'>civitatis</span> <span class='ocrx_word' id='word_1_111' title='bbox 1631 1210 1868 1243; x_wconf 88' lang='lat' dir='ltr'>summam</span> 
     </span>
     <span class='ocr_line' id='line_1_22' title="bbox 476 1267 1870 1333; baseline 0.004 -20"><span class='ocrx_word' id='word_1_112' title='bbox 476 1273 774 1329; x_wconf 85' lang='lat' dir='ltr'>potestatem</span> <span class='ocrx_word' id='word_1_113' title='bbox 806 1267 1003 1328; x_wconf 87' lang='lat' dir='ltr'>habent,</span> <span class='ocrx_word' id='word_1_114' title='bbox 1042 1285 1142 1317; x_wconf 93' lang='lat' dir='ltr'>non</span> <span class='ocrx_word' id='word_1_115' title='bbox 1181 1270 1370 1333; x_wconf 83' lang='lat' dir='ltr'>possint</span> <span class='ocrx_word' id='word_1_116' title='bbox 1404 1270 1535 1333; x_wconf 87' lang='lat' dir='ltr'>leges</span> <span class='ocrx_word' id='word_1_117' title='bbox 1575 1269 1702 1318; x_wconf 88' lang='lat' dir='ltr'>ferre</span> <span class='ocrx_word' id='word_1_118' title='bbox 1727 1286 1870 1333; x_wconf 88' lang='lat' dir='ltr'>quas-</span> 
     </span>
     <span class='ocr_line' id='line_1_23' title="bbox 478 1342 1870 1408; baseline 0.003 -20"><span class='ocrx_word' id='word_1_119' title='bbox 478 1357 670 1404; x_wconf 89' lang='lat' dir='ltr'>cunque</span> <span class='ocrx_word' id='word_1_120' title='bbox 714 1342 894 1390; x_wconf 91' lang='lat' dir='ltr'>volent.</span> <span class='ocrx_word' id='word_1_121' title='bbox 987 1344 1085 1392; x_wconf 89' lang='lat' dir='ltr'>Sed</span> <span class='ocrx_word' id='word_1_122' title='bbox 1131 1345 1360 1408; x_wconf 87' lang='lat' dir='ltr'>quoniam</span> <span class='ocrx_word' id='word_1_123' title='bbox 1401 1361 1568 1393; x_wconf 89' lang='lat' dir='ltr'>omnes</span> <span class='ocrx_word' id='word_1_124' title='bbox 1612 1352 1772 1393; x_wconf 90' lang='lat' dir='ltr'>motus</span> <span class='ocrx_word' id='word_1_125' title='bbox 1818 1353 1870 1393; x_wconf 88' lang='lat' dir='ltr'>et</span> 
     </span>
     <span class='ocr_line' id='line_1_24' title="bbox 478 1416 1868 1484; baseline 0.004 -21"><span class='ocrx_word' id='word_1_126' title='bbox 478 1416 695 1464; x_wconf 87' lang='lat' dir='ltr'>actiones</span> <span class='ocrx_word' id='word_1_127' title='bbox 736 1417 915 1465; x_wconf 89' lang='lat' dir='ltr'>civium</span> <span class='ocrx_word' id='word_1_128' title='bbox 959 1419 1147 1482; x_wconf 84' lang='lat' dir='ltr'>legibus</span> <span class='ocrx_word' id='word_1_129' title='bbox 1191 1437 1444 1483; x_wconf 90' lang='lat' dir='ltr'>nunquam</span> <span class='ocrx_word' id='word_1_130' title='bbox 1490 1421 1868 1484; x_wconf 77' lang='lat' dir='ltr'>circumscriptae</span> 
     </span>
     <span class='ocr_line' id='line_1_25' title="bbox 479 1492 1867 1558; baseline 0.004 -20"><span class='ocrx_word' id='word_1_131' title='bbox 479 1498 607 1550; x_wconf 90' lang='lat' dir='ltr'>sunt,</span> <span class='ocrx_word' id='word_1_132' title='bbox 631 1507 792 1555; x_wconf 90' lang='lat' dir='ltr'>neque</span> <span class='ocrx_word' id='word_1_133' title='bbox 834 1492 1167 1542; x_wconf 89' lang='lat' dir='ltr'>circumscribi</span> <span class='ocrx_word' id='word_1_134' title='bbox 1200 1502 1400 1558; x_wconf 86' lang='lat' dir='ltr'>propter</span> <span class='ocrx_word' id='word_1_135' title='bbox 1435 1496 1715 1543; x_wconf 85' lang='lat' dir='ltr'>varietatem</span> <span class='ocrx_word' id='word_1_136' title='bbox 1755 1511 1867 1558; x_wconf 89' lang='lat' dir='ltr'>pos-</span> 
     </span>
     <span class='ocr_line' id='line_1_26' title="bbox 479 1570 1866 1634; baseline 0.003 -21"><span class='ocrx_word' id='word_1_137' title='bbox 479 1574 608 1625; x_wconf 87' lang='lat' dir='ltr'>sunt,</span> <span class='ocrx_word' id='word_1_138' title='bbox 633 1583 831 1616; x_wconf 89' lang='lat' dir='ltr'>necesse</span> <span class='ocrx_word' id='word_1_139' title='bbox 871 1576 945 1617; x_wconf 92' lang='lat' dir='ltr'>est</span> <span class='ocrx_word' id='word_1_140' title='bbox 966 1576 1024 1616; x_wconf 86' lang='lat' dir='ltr'>ut</span> <span class='ocrx_word' id='word_1_141' title='bbox 1057 1570 1249 1618; x_wconf 89' lang='lat' dir='ltr'>infinita</span> <span class='ocrx_word' id='word_1_142' title='bbox 1271 1587 1394 1634; x_wconf 94' lang='lat' dir='ltr'>pene</span> <span class='ocrx_word' id='word_1_143' title='bbox 1419 1571 1530 1629; x_wconf 90' lang='lat' dir='ltr'>sint,</span> <span class='ocrx_word' id='word_1_144' title='bbox 1567 1588 1674 1634; x_wconf 88' lang='lat' dir='ltr'>quae</span> <span class='ocrx_word' id='word_1_145' title='bbox 1707 1586 1866 1634; x_wconf 89' lang='lat' dir='ltr'>neque</span> 
     </span>
     <span class='ocr_line' id='line_1_27' title="bbox 473 1642 1866 1708; baseline 0.004 -19"><span class='ocrx_word' id='word_1_146' title='bbox 473 1642 707 1705; x_wconf 91' lang='lat' dir='ltr'>jubentur</span> <span class='ocrx_word' id='word_1_147' title='bbox 744 1659 905 1707; x_wconf 91' lang='lat' dir='ltr'>neque</span> <span class='ocrx_word' id='word_1_148' title='bbox 946 1645 1302 1708; x_wconf 84' lang='lat' dir='ltr'>prohibentur3</span> <span class='ocrx_word' id='word_1_149' title='bbox 1338 1646 1423 1694; x_wconf 92' lang='lat' dir='ltr'>sed</span> <span class='ocrx_word' id='word_1_150' title='bbox 1462 1646 1623 1694; x_wconf 87' lang='lat' dir='ltr'>facere</span> <span class='ocrx_word' id='word_1_151' title='bbox 1657 1646 1735 1695; x_wconf 87' lang='lat' dir='ltr'>vel</span> <span class='ocrx_word' id='word_1_152' title='bbox 1767 1662 1866 1694; x_wconf 91' lang='lat' dir='ltr'>non</span> 
     </span>
     <span class='ocr_line' id='line_1_28' title="bbox 477 1717 1868 1784; baseline 0.004 -20"><span class='ocrx_word' id='word_1_153' title='bbox 477 1717 639 1765; x_wconf 86' lang='lat' dir='ltr'>facere</span> <span class='ocrx_word' id='word_1_154' title='bbox 681 1735 769 1766; x_wconf 91' lang='lat' dir='ltr'>suo</span> <span class='ocrx_word' id='word_1_155' title='bbox 812 1720 1015 1783; x_wconf 90' lang='lat' dir='ltr'>quisque</span> <span class='ocrx_word' id='word_1_156' title='bbox 1053 1720 1256 1768; x_wconf 91' lang='lat' dir='ltr'>arbitrio</span> <span class='ocrx_word' id='word_1_157' title='bbox 1293 1728 1469 1784; x_wconf 90' lang='lat' dir='ltr'>potest.</span> <span class='ocrx_word' id='word_1_158' title='bbox 1539 1722 1597 1769; x_wconf 93' lang='lat' dir='ltr'>In</span> <span class='ocrx_word' id='word_1_159' title='bbox 1620 1721 1696 1769; x_wconf 91' lang='lat' dir='ltr'>his</span> <span class='ocrx_word' id='word_1_160' title='bbox 1719 1737 1868 1769; x_wconf 85' lang='lat' dir='ltr'>unus-</span> 
     </span>
     <span class='ocr_line' id='line_1_29' title="bbox 479 1793 1870 1859; baseline 0.004 -20"><span class='ocrx_word' id='word_1_161' title='bbox 479 1793 683 1856; x_wconf 88' lang='lat' dir='ltr'>quisque</span> <span class='ocrx_word' id='word_1_162' title='bbox 707 1793 888 1842; x_wconf 90' lang='lat' dir='ltr'>dicitur</span> <span class='ocrx_word' id='word_1_163' title='bbox 902 1811 989 1842; x_wconf 89' lang='lat' dir='ltr'>sua</span> <span class='ocrx_word' id='word_1_164' title='bbox 1005 1795 1102 1843; x_wconf 87' lang='lat' dir='ltr'>frui</span> <span class='ocrx_word' id='word_1_165' title='bbox 1120 1796 1363 1855; x_wconf 87' lang='lat' dir='ltr'>libertate,</span> <span class='ocrx_word' id='word_1_166' title='bbox 1385 1803 1532 1859; x_wconf 88' lang='lat' dir='ltr'>atque</span> <span class='ocrx_word' id='word_1_167' title='bbox 1549 1796 1602 1843; x_wconf 93' lang='lat' dir='ltr'>in</span> <span class='ocrx_word' id='word_1_168' title='bbox 1614 1796 1708 1844; x_wconf 90' lang='lat' dir='ltr'>hoc</span> <span class='ocrx_word' id='word_1_169' title='bbox 1726 1812 1870 1844; x_wconf 89' lang='lat' dir='ltr'>sensu</span> 
     </span>
     <span class='ocr_line' id='line_1_30' title="bbox 476 1867 1869 1936; baseline 0.004 -22"><span class='ocrx_word' id='word_1_170' title='bbox 476 1867 677 1917; x_wconf 91' lang='lat' dir='ltr'>libertas</span> <span class='ocrx_word' id='word_1_171' title='bbox 699 1870 794 1918; x_wconf 91' lang='lat' dir='ltr'>hoc</span> <span class='ocrx_word' id='word_1_172' title='bbox 817 1870 926 1919; x_wconf 93' lang='lat' dir='ltr'>loco</span> <span class='ocrx_word' id='word_1_173' title='bbox 961 1871 1280 1935; x_wconf 86' lang='lat' dir='ltr'>intelligenda</span> <span class='ocrx_word' id='word_1_174' title='bbox 1302 1879 1390 1931; x_wconf 88' lang='lat' dir='ltr'>est,</span> <span class='ocrx_word' id='word_1_175' title='bbox 1426 1888 1603 1936; x_wconf 92' lang='lat' dir='ltr'>nempe</span> <span class='ocrx_word' id='word_1_176' title='bbox 1625 1888 1715 1936; x_wconf 88' lang='lat' dir='ltr'>pro</span> <span class='ocrx_word' id='word_1_177' title='bbox 1745 1872 1869 1935; x_wconf 87' lang='lat' dir='ltr'>juris</span> 
     </span>
     <span class='ocr_line' id='line_1_31' title="bbox 477 1945 1869 2012; baseline 0.005 -22"><span class='ocrx_word' id='word_1_178' title='bbox 477 1945 712 1992; x_wconf 87' lang='lat' dir='ltr'>naturalis</span> <span class='ocrx_word' id='word_1_179' title='bbox 748 1952 888 2008; x_wconf 89' lang='lat' dir='ltr'>parte</span> <span class='ocrx_word' id='word_1_180' title='bbox 926 1962 997 2005; x_wconf 86' lang='lat' dir='ltr'>ea,</span> <span class='ocrx_word' id='word_1_181' title='bbox 1036 1963 1145 2010; x_wconf 88' lang='lat' dir='ltr'>quae</span> <span class='ocrx_word' id='word_1_182' title='bbox 1177 1947 1362 1996; x_wconf 88' lang='lat' dir='ltr'>civibus</span> <span class='ocrx_word' id='word_1_183' title='bbox 1386 1965 1415 1996; x_wconf 90' lang='lat' dir='ltr'>a</span> <span class='ocrx_word' id='word_1_184' title='bbox 1437 1948 1625 2012; x_wconf 86' lang='lat' dir='ltr'>legibus</span> <span class='ocrx_word' id='word_1_185' title='bbox 1649 1949 1869 1996; x_wconf 86' lang='lat' dir='ltr'>civilibus</span> 
     </span>
     <span class='ocr_line' id='line_1_32' title="bbox 477 2020 1868 2088; baseline 0.004 -22"><span class='ocrx_word' id='word_1_186' title='bbox 477 2020 713 2081; x_wconf 86' lang='lat' dir='ltr'>permissa</span> <span class='ocrx_word' id='word_1_187' title='bbox 737 2028 786 2069; x_wconf 88' lang='lat' dir='ltr'>et</span> <span class='ocrx_word' id='word_1_188' title='bbox 807 2021 979 2070; x_wconf 90' lang='lat' dir='ltr'>relicta</span> <span class='ocrx_word' id='word_1_189' title='bbox 1002 2030 1090 2071; x_wconf 90' lang='lat' dir='ltr'>est.</span> <span class='ocrx_word' id='word_1_190' title='bbox 1161 2023 1299 2071; x_wconf 86' lang='lat' dir='ltr'>Sicut</span> <span class='ocrx_word' id='word_1_191' title='bbox 1322 2040 1462 2087; x_wconf 87' lang='lat' dir='ltr'>aqua,</span> <span class='ocrx_word' id='word_1_192' title='bbox 1487 2024 1605 2088; x_wconf 90' lang='lat' dir='ltr'>ripis</span> <span class='ocrx_word' id='word_1_193' title='bbox 1627 2024 1868 2087; x_wconf 88' lang='lat' dir='ltr'>undiqua-</span> 
     </span>
     <span class='ocr_line' id='line_1_33' title="bbox 479 2091 1867 2162; baseline 0.004 -21"><span class='ocrx_word' id='word_1_194' title='bbox 479 2110 574 2156; x_wconf 93' lang='lat' dir='ltr'>que</span> <span class='ocrx_word' id='word_1_195' title='bbox 599 2096 840 2155; x_wconf 87' lang='lat' dir='ltr'>conclusa,</span> <span class='ocrx_word' id='word_1_196' title='bbox 866 2104 1060 2160; x_wconf 87' lang='lat' dir='ltr'>stagnat</span> <span class='ocrx_word' id='word_1_197' title='bbox 1091 2104 1141 2146; x_wconf 94' lang='lat' dir='ltr'>et</span> <span class='ocrx_word' id='word_1_198' title='bbox 1165 2091 1520 2162; x_wconf 88' lang='lat' dir='ltr'>corrumpitur;</span> <span class='ocrx_word' id='word_1_199' title='bbox 1557 2099 1867 2162; x_wconf 89' lang='lat' dir='ltr'>undiquaque</span> 
     </span>
     <span class='ocr_line' id='line_1_34' title="bbox 477 2171 1865 2237; baseline 0.004 -20"><span class='ocrx_word' id='word_1_200' title='bbox 477 2178 649 2232; x_wconf 86' lang='lat' dir='ltr'>aperta</span> <span class='ocrx_word' id='word_1_201' title='bbox 673 2171 981 2235; x_wconf 78' lang='lat' dir='ltr'>expanditur,</span> <span class='ocrx_word' id='word_1_202' title='bbox 1008 2179 1058 2221; x_wconf 89' lang='lat' dir='ltr'>et</span> <span class='ocrx_word' id='word_1_203' title='bbox 1080 2190 1177 2236; x_wconf 93' lang='lat' dir='ltr'>quo</span> <span class='ocrx_word' id='word_1_204' title='bbox 1214 2174 1378 2237; x_wconf 89' lang='lat' dir='ltr'>plures</span> <span class='ocrx_word' id='word_1_205' title='bbox 1404 2175 1558 2223; x_wconf 84' lang='lat' dir='ltr'>exitus</span> <span class='ocrx_word' id='word_1_206' title='bbox 1588 2174 1772 2222; x_wconf 86' lang='lat' dir='ltr'>invenit</span> <span class='ocrx_word' id='word_1_207' title='bbox 1808 2190 1865 2222; x_wconf 91' lang='lat' dir='ltr'>eo</span> 
     </span>
     <span class='ocr_line' id='line_1_35' title="bbox 475 2245 1866 2313; baseline 0.004 -21"><span class='ocrx_word' id='word_1_208' title='bbox 475 2245 675 2294; x_wconf 87' lang='lat' dir='ltr'>liberior</span> <span class='ocrx_word' id='word_1_209' title='bbox 719 2247 856 2295; x_wconf 87' lang='lat' dir='ltr'>fluit:</span> <span class='ocrx_word' id='word_1_210' title='bbox 893 2248 965 2295; x_wconf 89' lang='lat' dir='ltr'>ita</span> <span class='ocrx_word' id='word_1_211' title='bbox 1010 2265 1202 2312; x_wconf 92' lang='lat' dir='ltr'>quoque</span> <span class='ocrx_word' id='word_1_212' title='bbox 1248 2250 1393 2309; x_wconf 90' lang='lat' dir='ltr'>cives,</span> <span class='ocrx_word' id='word_1_213' title='bbox 1431 2251 1472 2298; x_wconf 91' lang='lat' dir='ltr'>si</span> <span class='ocrx_word' id='word_1_214' title='bbox 1515 2250 1636 2298; x_wconf 87' lang='lat' dir='ltr'>nihil</span> <span class='ocrx_word' id='word_1_215' title='bbox 1679 2250 1866 2313; x_wconf 81' lang='lat' dir='ltr'>injussu</span> 
     </span>
     <span class='ocr_line' id='line_1_36' title="bbox 474 2320 1863 2388; baseline 0.004 -21"><span class='ocrx_word' id='word_1_216' title='bbox 474 2320 640 2383; x_wconf 84' lang='lat' dir='ltr'>legum</span> <span class='ocrx_word' id='word_1_217' title='bbox 656 2321 891 2381; x_wconf 83' lang='lat' dir='ltr'>facerent,</span> <span class='ocrx_word' id='word_1_218' title='bbox 911 2330 1192 2386; x_wconf 82' lang='lat' dir='ltr'>torperent3</span> <span class='ocrx_word' id='word_1_219' title='bbox 1229 2324 1270 2372; x_wconf 91' lang='lat' dir='ltr'>si</span> <span class='ocrx_word' id='word_1_220' title='bbox 1288 2324 1465 2385; x_wconf 90' lang='lat' dir='ltr'>omnia,</span> <span class='ocrx_word' id='word_1_221' title='bbox 1485 2325 1831 2388; x_wconf 85' lang='lat' dir='ltr'>dissiparentur</span> <span class='ocrx_word' id='word_1_222' title='bbox 1850 2347 1863 2381; x_wconf 81' lang='lat'><em>3</em></span> 
     </span>
     <span class='ocr_line' id='line_1_37' title="bbox 477 2396 1864 2464; baseline 0.004 -22"><span class='ocrx_word' id='word_1_223' title='bbox 477 2401 526 2442; x_wconf 87' lang='lat' dir='ltr'>et</span> <span class='ocrx_word' id='word_1_224' title='bbox 551 2411 646 2459; x_wconf 91' lang='lat' dir='ltr'>quo</span> <span class='ocrx_word' id='word_1_225' title='bbox 663 2396 804 2459; x_wconf 90' lang='lat' dir='ltr'>plura</span> <span class='ocrx_word' id='word_1_226' title='bbox 826 2397 1014 2460; x_wconf 84' lang='lat' dir='ltr'>legibus</span> <span class='ocrx_word' id='word_1_227' title='bbox 1038 2399 1417 2448; x_wconf 86' lang='lat' dir='ltr'>indeterminata</span> <span class='ocrx_word' id='word_1_228' title='bbox 1433 2400 1787 2464; x_wconf 86' lang='lat' dir='ltr'>relinquuntur,</span> <span class='ocrx_word' id='word_1_229' title='bbox 1806 2416 1864 2449; x_wconf 94' lang='lat' dir='ltr'>eo</span> 
     </span>
     <span class='ocr_line' id='line_1_38' title="bbox 476 2472 1932 2539; baseline 0.005 -22"><span class='ocrx_word' id='word_1_230' title='bbox 476 2473 660 2534; x_wconf 88' lang='lat' dir='ltr'>majore</span> <span class='ocrx_word' id='word_1_231' title='bbox 705 2472 936 2521; x_wconf 90' lang='lat' dir='ltr'>fruuntur</span> <span class='ocrx_word' id='word_1_232' title='bbox 971 2473 1212 2523; x_wconf 87' lang='lat' dir='ltr'>libertate.</span> <span class='ocrx_word' id='word_1_233' title='bbox 1289 2475 1560 2539; x_wconf 88' lang='lat' dir='ltr'>Utrumque</span> <span class='ocrx_word' id='word_1_234' title='bbox 1595 2482 1865 2524; x_wconf 86' lang='lat' dir='ltr'>extremum</span> <span class='ocrx_word' id='word_1_235' title='bbox 1929 2474 1932 2477; x_wconf 65' lang='grc'><strong>”</strong></span> 
     </span>
     <span class='ocr_line' id='line_1_39' title="bbox 475 2545 1865 2599; baseline 0.005 -7"><span class='ocrx_word' id='word_1_236' title='bbox 475 2545 704 2594; x_wconf 90' lang='lat' dir='ltr'>vitiosum</span> <span class='ocrx_word' id='word_1_237' title='bbox 728 2554 835 2595; x_wconf 91' lang='lat' dir='ltr'>est:</span> <span class='ocrx_word' id='word_1_238' title='bbox 871 2564 971 2595; x_wconf 95' lang='lat' dir='ltr'>non</span> <span class='ocrx_word' id='word_1_239' title='bbox 995 2549 1125 2597; x_wconf 91' lang='lat' dir='ltr'>enim</span> <span class='ocrx_word' id='word_1_240' title='bbox 1148 2549 1212 2597; x_wconf 89' lang='lat' dir='ltr'>ad</span> <span class='ocrx_word' id='word_1_241' title='bbox 1243 2550 1458 2598; x_wconf 86' lang='lat' dir='ltr'>actiones</span> <span class='ocrx_word' id='word_1_242' title='bbox 1490 2549 1741 2598; x_wconf 90' lang='lat' dir='ltr'>hominum</span> <span class='ocrx_word' id='word_1_243' title='bbox 1771 2552 1865 2599; x_wconf 88' lang='lat' dir='ltr'>tol-</span> 
     </span>
     <span class='ocr_line' id='line_1_40' title="bbox 474 2620 1864 2688; baseline 0.004 -21"><span class='ocrx_word' id='word_1_244' title='bbox 474 2620 657 2681; x_wconf 89' lang='lat' dir='ltr'>lendas,</span> <span class='ocrx_word' id='word_1_245' title='bbox 701 2623 787 2670; x_wconf 90' lang='lat' dir='ltr'>sed</span> <span class='ocrx_word' id='word_1_246' title='bbox 818 2623 1113 2686; x_wconf 85' lang='lat' dir='ltr'>dirigendas,</span> <span class='ocrx_word' id='word_1_247' title='bbox 1151 2625 1363 2673; x_wconf 77' lang='lat' dir='ltr'>inventae</span> <span class='ocrx_word' id='word_1_248' title='bbox 1398 2625 1528 2688; x_wconf 84' lang='lat' dir='ltr'>leges</span> <span class='ocrx_word' id='word_1_249' title='bbox 1559 2633 1701 2681; x_wconf 80' lang='lat' dir='ltr'>sunt3</span> <span class='ocrx_word' id='word_1_250' title='bbox 1737 2627 1864 2674; x_wconf 89' lang='lat' dir='ltr'>sicut</span> 
     </span>
     <span class='ocr_line' id='line_1_41' title="bbox 474 2698 1863 2761; baseline 0.007 -20"><span class='ocrx_word' id='word_1_251' title='bbox 474 2710 632 2759; x_wconf 90' lang='lat' dir='ltr'>neque</span> <span class='ocrx_word' id='word_1_252' title='bbox 656 2698 786 2761; x_wconf 89' lang='lat' dir='ltr'>ripas</span> <span class='ocrx_word' id='word_1_253' title='bbox 821 2699 885 2746; x_wconf 89' lang='lat' dir='ltr'>ad</span> <span class='ocrx_word' id='word_1_254' title='bbox 919 2699 1186 2748; x_wconf 86' lang='lat' dir='ltr'>sistendum</span> <span class='ocrx_word' id='word_1_255' title='bbox 1210 2717 1404 2749; x_wconf 88' lang='lat' dir='ltr'>cursum</span> <span class='ocrx_word' id='word_1_256' title='bbox 1439 2700 1667 2760; x_wconf 91' lang='lat' dir='ltr'>fluminis,</span> <span class='ocrx_word' id='word_1_257' title='bbox 1693 2702 1777 2750; x_wconf 90' lang='lat' dir='ltr'>sed</span> <span class='ocrx_word' id='word_1_258' title='bbox 1800 2703 1863 2751; x_wconf 91' lang='lat' dir='ltr'>ad</span> 
     </span>
     <span class='ocr_line' id='line_1_42' title="bbox 475 2769 1864 2840; baseline 0.007 -24"><span class='ocrx_word' id='word_1_259' title='bbox 475 2769 783 2834; x_wconf 83' lang='lat' dir='ltr'>dirigendum</span> <span class='ocrx_word' id='word_1_260' title='bbox 820 2782 997 2824; x_wconf 88' lang='lat' dir='ltr'>natura</span> <span class='ocrx_word' id='word_1_261' title='bbox 1033 2777 1289 2825; x_wconf 77' lang='lat' dir='ltr'>ordinavit,</span> <span class='ocrx_word' id='word_1_262' title='bbox 1360 2776 1591 2824; x_wconf 89' lang='lat' dir='ltr'>Mensura</span> <span class='ocrx_word' id='word_1_263' title='bbox 1629 2777 1773 2840; x_wconf 87' lang='lat' dir='ltr'>hujus</span> <span class='ocrx_word' id='word_1_264' title='bbox 1809 2779 1864 2826; x_wconf 92' lang='lat' dir='ltr'>li-</span> 
     </span>
    </p>
   </div>
  </div>
 </body>
</html>
