2020 3262
470 242 564 284 356
1029 254 1276 287 immolo.

208 382 338 415 sacr,
358 383 427 416 111,
468 378 652 422 eorum,
685 361 815 411 laesae
850 365 1118 427 majestatis
1153 365 1339 412 crimen
1372 364 1467 411 hoc
1502 379 1693 427 quoque
1727 373 1848 424 erat)

296 434 342 481 ¹6·
467 454 658 502 negare
703 439 863 486 Deum
900 439 1194 498 Abrahami,
1232 440 1325 486 hoc
1367 446 1454 495 est,
1497 439 1655 486 colere
1691 440 1850 488 Deum

467 513 609 560 aliter
632 530 776 576 quam
800 515 859 561 ab
884 515 1161 562 Abrahamo
1200 522 1273 562 est
1305 514 1599 572 institutum,
1619 514 1850 562 nimirum

468 586 557 635 sub
592 588 905 651 imaginibus*
941 588 1286 643 manu-factis3
1322 595 1471 650 prout
1505 588 1728 636 fecerunt
1759 605 1852 637 cae-

467 669 586 710 terae
619 664 859 721 nationes,
886 679 992 726 quae
1026 670 1228 726 propter
1263 678 1372 709 eam
1408 678 1605 709 causam
1636 663 1853 726 appella-

466 737 645 785 bantur
669 738 969 786 idololatrae.
1038 738 1201 800 Atque
1224 738 1475 799 hucusque
1501 737 1696 796 subditi,
1722 738 1852 786 circa

466 813 697 860 mandata
740 813 1015 876 principum
1061 828 1276 871 suorum,
1322 812 1440 875 quid
1484 812 1761 860 faciendum
1801 820 1852 876 et

468 888 586 951 quid
607 887 892 950 fugiendum
916 895 1021 935 erat
1045 887 1160 935 satis
1195 887 1337 935 facile
1355 887 1647 951 dignoscere
1680 895 1852 951 potue-

466 970 596 1010 runt.

188 1051 450 1081 Pactumneieum
535 1043 580 1086 8.
607 1039 676 1086 Ut
693 1054 951 1101 pergamus
962 1040 1078 1101 jam,
1099 1038 1300 1085 ductum
1319 1037 1566 1100 sequendo
1588 1037 1852 1101 Scripturae

185 1095 451 1168 ffifflfflssbsfffij.
470 1114 646 1171 Sacrae,
684 1113 814 1160 idem
841 1120 1048 1177 pactum
1086 1120 1373 1160 renovatum
1414 1119 1502 1170 est,
1544 1113 1685 1174 (Gen.
1720 1113 1851 1161 xxvi.

469 1197 515 1246 3,
557 1189 608 1250 4)
660 1205 771 1235 oum
807 1189 1001 1243 Isaaco3
1061 1195 1108 1235 et
1145 1188 1284 1248 (Gen.
1310 1187 1474 1234 xxviii.
1506 1194 1580 1242 13,
1613 1189 1690 1249 14)
1741 1204 1854 1236 cum

465 1264 495 1312 J
498 1264 679 1319 acobo3
703 1263 787 1310 ubi
805 1264 936 1311 Deus
952 1280 1002 1310 se
1017 1263 1227 1326 appellat
1249 1279 1347 1311 non
1372 1263 1653 1325 simpliciter
1675 1264 1858 1324 Deum5‘

467 1355 611 1402 quem
626 1346 802 1385 natura
817 1354 918 1385 esse
938 1338 1116 1392 dictat;
1142 1338 1227 1385 sed
1246 1338 1488 1396 distincte,
1507 1337 1668 1386 Deum
1685 1338 1866 1400 Abra--

466 1414 598 1461 hami
622 1420 671 1460 et
695 1413 869 1460 Isaac-i
890 1431 900 1459 ε
938 1420 987 1459 et
1009 1420 1134 1475 post,
1160 1412 1290 1459 idem
1304 1418 1511 1475 paetum
1532 1421 1853 1462 renovaturus

464 1505 552 1552 per
582 1489 754 1536 Mosen
784 1505 893 1536 cum
930 1494 1037 1535 toto
1075 1488 1256 1550 populo
1294 1487 1501 1546 Israelis,
1530 1488 1665 1552 Ego,
1695 1489 1855 1552 inquit

472 1564 645 1624 (Exod.
662 1564 726 1611 iii.
746 1566 817 1626 6),
832 1580 936 1610 sum
960 1564 1100 1610 Deus
1114 1562 1291 1626 patris
1315 1563 1402 1620 tui,
1417 1563 1555 1609 Deus
1578 1563 1852 1625 Abraham,

466 1641 608 1687 Deus
632 1639 801 1699 Isaac,
821 1646 871 1686 et
894 1639 1033 1686 Deus
1057 1637 1230 1685 Jacob.
1280 1637 1484 1693 Deinde,
1509 1654 1620 1686 cum
1646 1640 1852 1702 populus

465 1715 545 1762 ille
570 1715 868 1762 constitisset
891 1715 940 1762 in
967 1714 1159 1761 deserto
1177 1729 1329 1776 prope
1347 1721 1565 1761 montem
1585 1715 1734 1774 Sinai,
1753 1723 1860 1768 non

465 1794 611 1841 modo
646 1793 936 1850 liberrimus,
963 1791 1049 1839 sed
1084 1791 1230 1838 etiam
1265 1791 1579 1853 subjectionis
1610 1791 1852 1849 humanae,

465 1876 666 1932 propter
689 1867 973 1915 memoriam
991 1875 1239 1914 recentem
1262 1867 1509 1914 servitutis
1532 1865 1852 1930 AEgyptiacae,

467 1943 841 2001 inimicissimus,
868 1948 1076 2006 pactum
1110 1941 1232 1989 illud
1265 1941 1518 2005 antiquum
1548 1941 1855 2005 propositum

468 2026 543 2068 est
579 2019 802 2067 omnibus
839 2017 1286 2080 redintegrandum,
1319 2017 1412 2064 hac
1442 2017 1651 2065 formula
1677 2017 1852 2079 (Exod.

467 2095 565 2142 xix.
612 2101 656 2152 5,
694 2094 746 2155 6)
772 2112 783 2140 :
854 2093 912 2140 Si
952 2108 1075 2158 ergo
1117 2093 1384 2141 audieritis
1423 2109 1582 2140 vocem
1616 2109 1767 2140 meam
1802 2087 1859 2140 et>

469 2169 808 2217 custodieritis
813 2175 1020 2232 paetum
1032 2185 1184 2215 meum
1203 2168 1452 2231 (nimirum
1457 2166 1665 2232 pactum
1676 2168 1852 2215 initum

469 2261 579 2292 cum
616 2244 912 2302 AbrahamO,
950 2244 1132 2301 Isaaco‚
1164 2251 1213 2291 et
1245 2242 1451 2304 Jacobo)
1484 2242 1628 2290 eritis
1651 2241 1767 2289 mihi
1800 2242 1852 2290 in

458 2320 710 2383 peculium
733 2336 795 2366 ex
819 2318 1006 2365 cunctis
1020 2318 1229 2381 populis
1245 2336 1262 2365 :
1297 2334 1407 2364 mea
1442 2324 1519 2364 est
1553 2316 1677 2364 enim
1699 2316 1852 2364 omnis

469 2401 612 2442 terra
627 2413 645 2448 ;
681 2400 732 2441 et
754 2409 838 2440 vos
873 2393 1016 2440 eritis
1050 2393 1167 2439 milei
1201 2392 1253 2439 in
1286 2408 1495 2456 regnum
1517 2391 1850 2450 sacerdotale,

521 2501 543 2522 ’k
564 2493 640 2530 Sub
659 2492 886 2542 imaqinibus
903 2490 1186 2541 manufactis]
1234 2492 1333 2529 Vide
1352 2504 1434 2541 cap.
1454 2505 1515 2529 xv.
1532 2495 1601 2528 art.
1622 2493 1681 2535 14,
1701 2490 1754 2527 ibi
1773 2491 1862 2528 cul-'

468 2560 551 2592 tum
568 2555 682 2591 talem
698 2553 953 2590 irrationalem
973 2566 1052 2591 esse
1071 2553 1327 2590 ostendimus:
1353 2558 1393 2590 at
1413 2553 1445 2590 si
1458 2552 1566 2602 jussu
1586 2552 1750 2589 civitatis
1766 2552 1847 2597 fiat,

469 2616 531 2652 cui
549 2616 708 2652 verbum
728 2614 803 2651 Dei
822 2615 1005 2663 scriptum
1024 2626 1100 2651 non
1120 2619 1176 2650 est
1195 2614 1390 2664 cognitum
1408 2625 1532 2663 neque
1546 2618 1752 2662 receptum,
1771 2614 1852 2650 cul-

467 2681 549 2712 tum
567 2676 681 2712 talem
700 2688 781 2725 cap.
793 2688 855 2712 xv,
870 2680 940 2712 art.
955 2677 1015 2719 18,
1035 2674 1266 2712 ostendimus
1285 2687 1365 2712 esse
1383 2672 1614 2711 rationalem.
1659 2673 1851 2712 Caeterum

468 2738 534 2773 ubi
553 2737 660 2774 Deus
678 2741 812 2786 regnat
829 2749 897 2785 per
914 2740 1082 2785 pactum,
1097 2735 1136 2771 in
1152 2747 1240 2784 quo,
1256 2747 1303 2772 ne
1317 2735 1372 2772 sic
1391 2733 1529 2776 colant,
1548 2745 1722 2782 expresse
1741 2732 1861 2772 cave?

467 2803 542 2840 tur,
560 2803 603 2834 ut
621 2810 689 2847 per
705 2803 860 2846 pactum
879 2797 1110 2840 Abrahami3
1140 2797 1193 2833 ibi
1212 2797 1291 2834 sive
1309 2795 1452 2845 injussu
1469 2795 1548 2832 sive
1560 2793 1670 2845 jussu
1688 2795 1850 2834 civitatis

469 2858 547 2901 fiat,
566 2859 662 2896 male
680 2858 735 2895 fit.
