2020 3262
504 257 595 302 188
1063 273 1346 306 LIBERTAS.

240 394 368 430 sEcr.
387 399 456 431 111.
570 384 643 427 11.
682 380 882 428 Sextum
918 381 1038 444 legis
1077 383 1310 431 naturalis
1345 390 1641 446 praeceptum
1675 381 1765 444 est,
1823 385 1874 433 in

251 494 257 503 ,
338 449 368 479 3·
434 495 443 507 ,
497 454 682 502 ultione
712 455 815 503 sive
830 458 1027 521 'poenisg
1063 459 1386 522 spectandum
1422 474 1530 505 esse
1565 475 1659 506 non
1696 458 1875 507 malum

217 540 279 569 Lex
291 545 404 570 naturae
486 531 825 593 praeteritum,
849 533 944 580 sed
965 533 1375 597 bonnmfuturum
1392 552 1408 581 .·
1436 534 1530 581 hoc
1548 543 1637 593 est,
1655 534 1874 598 infligere

213 585 460 664 Ξῖῗέιῖἶῗιῗῑω
494 620 690 666 poenam
713 607 845 654 nullo
869 608 962 655 alio
985 610 1082 656 fine
1104 609 1292 656 licitum
1317 625 1436 664 esse,
1471 609 1563 656 nisi
1586 617 1642 657 ut
1663 609 1767 672 ipse
1790 609 1874 672 qui

214 673 479 709 ‘mmspoetant'
495 682 715 743 peccavit
749 683 1037 746 corrigatur,
1071 684 1148 731 vel
1181 684 1263 731 alii
1298 685 1532 748 supplicio
1567 685 1670 748 ejus
1700 684 1874 732 moniti

495 756 616 803 fiant
649 756 887 805 meliores.
959 758 1068 805 Hoc
1105 765 1268 806 autem
1309 775 1368 806 ex
1414 775 1471 806 eo
1508 759 1718 822 primum
1758 759 1874 807 oon-

494 830 732 890 firmatur,
769 832 901 895 quod
934 834 1263 897 unusquisque
1286 834 1394 897 lege
1417 834 1627 882 naturali
1649 840 1873 882 teneatur

493 905 634 953 alteri
656 907 934 970 ignoscere3
970 908 1115 956 modo
1151 916 1342 956 cautum
1375 910 1512 972 prius
1538 909 1600 957 sit
1623 909 1683 956 de
1705 908 1872 957 futuro

493 988 726 1044 tempore,
783 990 839 1029 ut
884 984 1089 1031 articulo
1134 984 1441 1046 praecedente
1488 992 1735 1032 ostensum
1781 992 1869 1032 est.

494 1055 748 1115 Praeterea,
786 1057 900 1120 quia
934 1058 1070 1116 ultio,
1107 1066 1343 1121 quatenus
1379 1060 1535 1107 solum
1568 1059 1871 1122 praeteritum

495 1132 842 1190 consideratur,
877 1133 998 1180 nihil
1021 1133 1153 1180 aliud
1182 1141 1255 1181 est
1283 1141 1463 1196 praeter
1486 1134 1791 1197 triumphum
1821 1140 1871 1182 et

492 1206 697 1269 gloriam
720 1208 882 1266 animi,
908 1225 1014 1271 quae
1029 1208 1092 1255 ad
1109 1209 1295 1255 nullum
1313 1210 1460 1255 finem
1479 1209 1732 1271 dirigitur3
1755 1225 1871 1268 nam

490 1282 795 1344 praeteritum
808 1289 998 1330 tantum
1014 1284 1382 1346 contemplatur,
1397 1284 1506 1331 finis
1525 1291 1688 1331 autem
1704 1284 1871 1332 futura
1896 1316 1899 1319 -

491 1372 568 1404 res
593 1364 695 1412 est3
721 1357 946 1419 quodque
969 1358 1031 1405 ad
1053 1358 1240 1405 nullum
1262 1359 1408 1405 finem
1433 1359 1673 1421 dirigitur,
1690 1375 1869 1407 vanum

492 1438 595 1478 est:
631 1431 769 1490 ultio,
810 1439 866 1478 ut
902 1448 1013 1495 quae
1046 1432 1266 1479 futurum
1300 1450 1400 1480 non
1438 1440 1638 1496 spectat,
1676 1450 1706 1481 a
1743 1451 1870 1482 vana

490 1506 646 1568 gloria
680 1507 1018 1569 proficiscitur,
1056 1506 1261 1570 ideoque
1297 1516 1476 1570 praeter
1509 1509 1748 1556 rationem
1778 1516 1866 1557 est.

490 1581 559 1628 At
582 1581 758 1629 laedere
782 1582 930 1629 alium
946 1590 1125 1645 praeter
1139 1583 1377 1630 rationem
1391 1584 1657 1632 introducit
1669 1585 1866 1644 bellum,

492 1654 542 1704 et
572 1665 644 1704 est
669 1665 840 1705 contra
873 1658 1030 1720 legem
1060 1666 1247 1705 naturae
1283 1658 1711 1707 fundamentalem.
1779 1661 1869 1708 Est

490 1732 640 1794 igitur
661 1732 781 1795 legis
803 1739 991 1780 naturae
1014 1740 1327 1795 praeceptum,
1363 1733 1413 1780 in
1437 1733 1619 1782 ultione
1641 1750 1741 1782 non
1764 1750 1867 1782 esse

489 1807 860 1870 respiciendum,
886 1807 971 1854 sed
994 1808 1401 1870 prospiciendum.
1470 1808 1679 1857 Violatio
1703 1818 1867 1858 autem

488 1883 608 1946 legis
632 1883 775 1947 hujus
802 1897 1146 1931 eRUDELITAs
1184 1883 1304 1930 solet
1328 1882 1574 1945 appellari.

209 1961 454 2033 ξξξίἓιῗυέἓῒω
561 1965 633 2006 12.
673 1959 916 2007 Quoniam
940 1965 1103 2005 autem
1123 1958 1261 2021 signa
1284 1958 1447 2005 omnia
1464 1958 1563 2005 odii
1583 1966 1632 2006 et
1649 1965 1866 2007 contem-

208 2013 420 2076 mimam.
487 2034 634 2081 tionis
659 2033 722 2081 ad
744 2034 899 2081 rixam
930 2041 979 2081 et
1016 2050 1231 2096 pugnam
1267 2033 1475 2080 maxime
1512 2033 1727 2082 omnium
1752 2050 1865 2098 pro-

487 2117 682 2167 vocant,
740 2109 861 2156 adeo
906 2117 961 2156 ut
1005 2109 1222 2171 plerique
1265 2109 1430 2167 vitam,
1476 2108 1656 2156 nedum
1695 2125 1864 2171 pacem

487 2185 726 2242 amittere,
753 2201 898 2247 quam
922 2184 1263 2231 contumeliam
1284 2183 1387 2246 pati
1410 2184 1581 2231 malint
1600 2204 1611 2238 ;
1647 2184 1864 2246 sequitur

487 2260 693 2322 septimo
711 2260 834 2318 loco,
852 2259 959 2322 lege
975 2260 1185 2307 naturali
1201 2259 1536 2322 praesc'riptum
1552 2274 1670 2318 esse,
1689 2259 1863 2322 nequis

486 2335 767 2398 velfaetiS,
804 2335 884 2382 vel
917 2334 1096 2393 verbis,
1134 2334 1213 2381 vel
1246 2334 1395 2392 vultu,
1431 2334 1510 2382 vel
1542 2334 1664 2392 risu,
1707 2333 1863 2381 alteri

486 2411 718 2459 ostendat
740 2427 794 2457 se
817 2410 955 2458 illum
978 2410 1057 2457 vel
1069 2410 1234 2457 odisse
1250 2409 1331 2457 vel
1346 2416 1662 2457 contemnere.
1713 2409 1861 2471 Cujus

485 2486 606 2549 legis
651 2486 851 2533 violatio
895 2499 1256 2533 CONTUMELIA
1298 2484 1588 2532 nominatur.
1677 2483 1860 2532 Quam-

487 2577 634 2623 quam
656 2569 820 2609 autem
838 2561 959 2608 nihil
980 2561 1280 2623 frequentius
1305 2560 1381 2618 sit,
1418 2575 1562 2622 quam
1585 2559 1860 2621 potentium

486 2652 602 2699 erga
637 2637 795 2683 minus
835 2642 1076 2699 potentes,
1118 2642 1167 2683 et
1201 2634 1486 2682 nominatim
1516 2633 1738 2696 judicum
1774 2635 1860 2682 ad-

483 2727 651 2759 versus
674 2727 781 2759 reos
805 2718 1070 2758 scommata
1092 2717 1237 2773 atque
1262 2709 1534 2772 opprobria,
1570 2725 1678 2771 quae
1701 2725 1859 2773 neque

484 2787 548 2834 ad
569 2788 641 2834 rei
664 2787 863 2845 crimen,
888 2803 1045 2849 neque
1069 2786 1131 2833 ad
1149 2786 1326 2848 judicis
1349 2784 1593 2846 pertinent
1617 2784 1856 2841 officium,

481 2862 759 2924 hujusmodi
798 2869 963 2909 tamen
1007 2861 1225 2908 homines
1267 2865 1436 2907 contra
1476 2858 1632 2922 legem
1672 2859 1859 2908 faciunt

482 2937 766 2997 naturalem,
803 2944 852 2984 et
874 2953 962 2999 pro
983 2935 1343 2984 contumeliosis
1358 2927 1576 2982 ‘habendi
1594 2943 1722 2983 sunt.
