<?xml version="1.0" encoding="UTF-8"?>
<!DOCTYPE html PUBLIC "-//W3C//DTD XHTML 1.0 Transitional//EN"
    "http://www.w3.org/TR/xhtml1/DTD/xhtml1-transitional.dtd">
<html xmlns="http://www.w3.org/1999/xhtml" xml:lang="en" lang="en">
 <head>
  <title>
</title>
<meta http-equiv="Content-Type" content="text/html;charset=utf-8" />
  <meta name='ocr-system' content='tesseract 3.04.00' />
  <meta name='ocr-capabilities' content='ocr_page ocr_carea ocr_par ocr_line ocrx_word'/>
</head>
<body>
  <div class='ocr_page' id='page_1' title='image "./operaphilosophic02hobbuoft_0244.png"; bbox 0 0 2020 3262; ppageno 0'>
   <div class='ocr_carea' id='block_1_1' title="bbox 214 403 431 436">
    <p class='ocr_par' dir='ltr' id='par_1_1' title="bbox 214 403 431 436">
     <span class='ocr_line' id='line_1_1' title="bbox 214 403 431 436; baseline 0 -1"><span class='ocrx_word' id='word_1_1' title='bbox 214 403 343 436; x_wconf 86' lang='lat' dir='ltr'>SECT.</span> <span class='ocrx_word' id='word_1_2' title='bbox 364 404 431 435; x_wconf 89' lang='lat'><em>111.</em></span> 
     </span>
    </p>
   </div>
   <div class='ocr_carea' id='block_1_2' title="bbox 295 455 327 485">
    <p class='ocr_par' dir='ltr' id='par_1_2' title="bbox 295 455 327 485">
     <span class='ocr_line' id='line_1_2' title="bbox 295 455 327 485; baseline 0 0"><span class='ocrx_word' id='word_1_3' title='bbox 295 455 327 485; x_wconf 84' lang='lat'>6.</span> 
     </span>
    </p>
   </div>
   <div class='ocr_carea' id='block_1_3' title="bbox 215 997 463 1285">
    <p class='ocr_par' dir='ltr' id='par_1_3' title="bbox 215 997 463 1285">
     <span class='ocr_line' id='line_1_3' title="bbox 216 997 436 1034; baseline -0.009 -9"><span class='ocrx_word' id='word_1_4' title='bbox 216 997 323 1034; x_wconf 88' lang='lat' dir='ltr'>Opinio</span> <span class='ocrx_word' id='word_1_5' title='bbox 336 1005 436 1024; x_wconf 86' lang='lat' dir='ltr'>eorum</span> 
     </span>
     <span class='ocr_line' id='line_1_4' title="bbox 216 1040 436 1078; baseline -0.009 -10"><span class='ocrx_word' id='word_1_6' title='bbox 216 1042 267 1078; x_wconf 89' lang='lat' dir='ltr'>qui</span> <span class='ocrx_word' id='word_1_7' title='bbox 291 1040 436 1068; x_wconf 85' lang='lat' dir='ltr'>civitatem</span> 
     </span>
     <span class='ocr_line' id='line_1_5' title="bbox 217 1081 462 1112; baseline -0.016 0"><span class='ocrx_word' id='word_1_8' title='bbox 217 1084 391 1112; x_wconf 87' lang='lat' dir='ltr'>constituere</span> <span class='ocrx_word' id='word_1_9' title='bbox 405 1081 462 1109; x_wconf 87' lang='lat' dir='ltr'>vel-</span> 
     </span>
     <span class='ocr_line' id='line_1_6' title="bbox 215 1126 462 1160; baseline -0.012 -6"><span class='ocrx_word' id='word_1_10' title='bbox 215 1127 285 1160; x_wconf 84' lang='lat' dir='ltr'><strong>lent,</strong></span> <span class='ocrx_word' id='word_1_11' title='bbox 321 1126 371 1153; x_wconf 90' lang='lat' dir='ltr'>ubi</span> <span class='ocrx_word' id='word_1_12' title='bbox 403 1133 462 1152; x_wconf 88' lang='lat' dir='ltr'>non</span> 
     </span>
     <span class='ocr_line' id='line_1_7' title="bbox 216 1169 463 1206; baseline -0.012 -9"><span class='ocrx_word' id='word_1_13' title='bbox 216 1173 292 1197; x_wconf 86' lang='lat' dir='ltr'>esset</span> <span class='ocrx_word' id='word_1_14' title='bbox 309 1169 463 1206; x_wconf 76' lang='lat' dir='ltr'>quisquam</span> 
     </span>
     <span class='ocr_line' id='line_1_8' title="bbox 217 1211 452 1249; baseline -0.009 -9"><span class='ocrx_word' id='word_1_15' title='bbox 217 1222 285 1240; x_wconf 84' lang='lat' dir='ltr'>cum</span> <span class='ocrx_word' id='word_1_16' title='bbox 323 1211 452 1249; x_wconf 79' lang='lat' dir='ltr'>potentia</span> 
     </span>
     <span class='ocr_line' id='line_1_9' title="bbox 218 1255 358 1285; baseline -0.021 0"><span class='ocrx_word' id='word_1_17' title='bbox 218 1255 358 1285; x_wconf 79' lang='lat' dir='ltr'>absoluta.</span> 
     </span>
    </p>
   </div>
   <div class='ocr_carea' id='block_1_4' title="bbox 476 262 1309 313">
    <p class='ocr_par' dir='ltr' id='par_1_4' title="bbox 476 262 1309 313">
     <span class='ocr_line' id='line_1_10' title="bbox 476 262 1309 313; baseline -0.001 -1"><span class='ocrx_word' id='word_1_18' title='bbox 476 262 572 306; x_wconf 83' lang='lat'>230</span> <span class='ocrx_word' id='word_1_19' title='bbox 1005 278 1309 313; x_wconf 78' lang='lat' dir='ltr'>IMPEmUM.</span> 
     </span>
    </p>
   </div>
   <div class='ocr_carea' id='block_1_5' title="bbox 469 386 1922 1731">
    <p class='ocr_par' dir='ltr' id='par_1_5' title="bbox 469 386 1922 1731">
     <span class='ocr_line' id='line_1_11' title="bbox 475 386 1862 454; baseline 0.005 -23"><span class='ocrx_word' id='word_1_20' title='bbox 475 391 524 431; x_wconf 89' lang='lat' dir='ltr'>et</span> <span class='ocrx_word' id='word_1_21' title='bbox 546 386 921 435; x_wconf 76' lang='lat' dir='ltr'><em>matrimonium.</em></span> <span class='ocrx_word' id='word_1_22' title='bbox 960 389 1132 452; x_wconf 84' lang='lat' dir='ltr'>Neque</span> <span class='ocrx_word' id='word_1_23' title='bbox 1151 390 1288 437; x_wconf 85' lang='lat' dir='ltr'>addit</span> <span class='ocrx_word' id='word_1_24' title='bbox 1308 390 1862 454; x_wconf 25' lang='lat' dir='ltr'>quibuscunquevpaetis</span> 
     </span>
     <span class='ocr_line' id='line_1_12' title="bbox 474 459 1869 528; baseline 0.006 -22"><span class='ocrx_word' id='word_1_25' title='bbox 474 459 656 509; x_wconf 86' lang='lat' dir='ltr'>illicitis</span> <span class='ocrx_word' id='word_1_26' title='bbox 679 463 980 511; x_wconf 82' lang='lat' dir='ltr'>validitatem</span> <span class='ocrx_word' id='word_1_27' title='bbox 1013 466 1179 524; x_wconf 87' lang='lat' dir='ltr'>ullam,</span> <span class='ocrx_word' id='word_1_28' title='bbox 1205 466 1338 528; x_wconf 91' lang='lat' dir='ltr'>quod</span> <span class='ocrx_word' id='word_1_29' title='bbox 1372 466 1505 513; x_wconf 86' lang='lat' dir='ltr'>facta</span> <span class='ocrx_word' id='word_1_30' title='bbox 1539 466 1722 514; x_wconf 82' lang='lat' dir='ltr'>fuerint</span> <span class='ocrx_word' id='word_1_31' title='bbox 1750 463 1869 514; x_wconf 83' lang='lat' dir='ltr'>cum</span> 
     </span>
     <span class='ocr_line' id='line_1_13' title="bbox 469 537 1872 599; baseline 0.004 -17"><span class='ocrx_word' id='word_1_32' title='bbox 469 537 827 599; x_wconf 75' lang='lat' dir='ltr'>jurejurando,*</span> <span class='ocrx_word' id='word_1_33' title='bbox 856 547 943 586; x_wconf 88' lang='lat' dir='ltr'>aut</span> <span class='ocrx_word' id='word_1_34' title='bbox 980 548 1284 588; x_wconf 87' lang='lat' dir='ltr'>sacramento</span> <span class='ocrx_word' id='word_1_35' title='bbox 1312 559 1322 587; x_wconf 93' lang='lat'>:</span> <span class='ocrx_word' id='word_1_36' title='bbox 1365 541 1488 588; x_wconf 90' lang='lat' dir='ltr'>nihil</span> <span class='ocrx_word' id='word_1_37' title='bbox 1526 541 1656 588; x_wconf 87' lang='lat' dir='ltr'>enim</span> <span class='ocrx_word' id='word_1_38' title='bbox 1679 541 1872 589; x_wconf 85' lang='lat' dir='ltr'>addunt</span> 
     </span>
     <span class='ocr_line' id='line_1_14' title="bbox 470 612 1868 679; baseline 0.003 -20"><span class='ocrx_word' id='word_1_39' title='bbox 470 612 579 660; x_wconf 83' lang='lat' dir='ltr'>-haec</span> <span class='ocrx_word' id='word_1_40' title='bbox 602 622 858 676; x_wconf 89' lang='lat' dir='ltr'>pactorum</span> <span class='ocrx_word' id='word_1_41' title='bbox 892 616 1127 674; x_wconf 89' lang='lat' dir='ltr'>firmitati,</span> <span class='ocrx_word' id='word_1_42' title='bbox 1151 624 1209 663; x_wconf 86' lang='lat' dir='ltr'>ut</span> <span class='ocrx_word' id='word_1_43' title='bbox 1244 616 1431 663; x_wconf 87' lang='lat' dir='ltr'>dictum</span> <span class='ocrx_word' id='word_1_44' title='bbox 1469 632 1619 679; x_wconf 83' lang='lat' dir='ltr'>supra</span> <span class='ocrx_word' id='word_1_45' title='bbox 1653 623 1727 663; x_wconf 85' lang='lat' dir='ltr'>est</span> <span class='ocrx_word' id='word_1_46' title='bbox 1760 631 1868 679; x_wconf 83' lang='lat' dir='ltr'>cap.</span> 
     </span>
     <span class='ocr_line' id='line_1_15' title="bbox 477 690 1871 755; baseline 0.002 -20"><span class='ocrx_word' id='word_1_47' title='bbox 477 703 538 736; x_wconf 86' lang='grc' dir='ltr'>ΙΙ.</span> <span class='ocrx_word' id='word_1_48' title='bbox 562 690 767 738; x_wconf 88' lang='lat' dir='ltr'>articulo</span> <span class='ocrx_word' id='word_1_49' title='bbox 792 698 869 739; x_wconf 84' lang='lat'>22.</span> <span class='ocrx_word' id='word_1_50' title='bbox 942 691 1075 740; x_wconf 73' lang='lat' dir='ltr'>Quid</span> <span class='ocrx_word' id='word_1_51' title='bbox 1106 692 1257 754; x_wconf 82' lang='lat' dir='ltr'>igitur</span> <span class='ocrx_word' id='word_1_52' title='bbox 1272 691 1494 755; x_wconf 83' lang='lat' dir='ltr'>furtum,</span> <span class='ocrx_word' id='word_1_53' title='bbox 1519 691 1637 754; x_wconf 91' lang='lat' dir='ltr'>quid</span> <span class='ocrx_word' id='word_1_54' title='bbox 1672 690 1871 738; x_wconf 76' lang='lat' dir='ltr'>homici-</span> 
     </span>
     <span class='ocr_line' id='line_1_16' title="bbox 477 755 1922 829; baseline 0.001 -17"><span class='ocrx_word' id='word_1_55' title='bbox 477 764 624 824; x_wconf 84' lang='lat' dir='ltr'>dium,</span> <span class='ocrx_word' id='word_1_56' title='bbox 661 766 779 828; x_wconf 92' lang='lat' dir='ltr'>quid</span> <span class='ocrx_word' id='word_1_57' title='bbox 815 766 1131 826; x_wconf 78' lang='lat' dir='ltr'>adulterium,</span> <span class='ocrx_word' id='word_1_58' title='bbox 1165 774 1215 814; x_wconf 90' lang='lat' dir='ltr'>et</span> <span class='ocrx_word' id='word_1_59' title='bbox 1251 767 1302 814; x_wconf 93' lang='lat' dir='ltr'>in</span> <span class='ocrx_word' id='word_1_60' title='bbox 1336 767 1615 814; x_wconf 84' lang='lat' dir='ltr'>universum</span> <span class='ocrx_word' id='word_1_61' title='bbox 1653 766 1771 829; x_wconf 89' lang='lat' dir='ltr'>quid</span> <span class='ocrx_word' id='word_1_62' title='bbox 1805 765 1874 814; x_wconf 76' lang='lat' dir='ltr'>sit</span> <span class='ocrx_word' id='word_1_63' title='bbox 1920 755 1922 758; x_wconf 16' lang='lat' dir='ltr'>V</span> 
     </span>
     <span class='ocr_line' id='line_1_17' title="bbox 476 838 1870 906; baseline 0.002 -20"><span class='ocrx_word' id='word_1_64' title='bbox 476 838 679 902; x_wconf 79' lang='lat' dir='ltr'>injuria,</span> <span class='ocrx_word' id='word_1_65' title='bbox 700 841 1012 904; x_wconf 82' lang='lat' dir='ltr'>cognoscitur</span> <span class='ocrx_word' id='word_1_66' title='bbox 1034 857 1094 888; x_wconf 84' lang='lat' dir='ltr'>ex</span> <span class='ocrx_word' id='word_1_67' title='bbox 1119 842 1232 906; x_wconf 81' lang='lat' dir='ltr'>lege</span> <span class='ocrx_word' id='word_1_68' title='bbox 1251 841 1403 900; x_wconf 76' lang='lat' dir='ltr'>civili,</span> <span class='ocrx_word' id='word_1_69' title='bbox 1424 842 1517 889; x_wconf 91' lang='lat' dir='ltr'>hoc</span> <span class='ocrx_word' id='word_1_70' title='bbox 1541 851 1629 899; x_wconf 85' lang='lat' dir='ltr'>est,</span> <span class='ocrx_word' id='word_1_71' title='bbox 1649 857 1709 889; x_wconf 83' lang='lat' dir='ltr'>ex</span> <span class='ocrx_word' id='word_1_72' title='bbox 1732 857 1870 889; x_wconf 90' lang='lat' dir='ltr'>man-</span> 
     </span>
     <span class='ocr_line' id='line_1_18' title="bbox 477 915 1821 982; baseline 0.001 -19"><span class='ocrx_word' id='word_1_73' title='bbox 477 915 603 964; x_wconf 84' lang='lat' dir='ltr'>datis</span> <span class='ocrx_word' id='word_1_74' title='bbox 627 917 730 979; x_wconf 79' lang='lat' dir='ltr'>ejus</span> <span class='ocrx_word' id='word_1_75' title='bbox 755 917 836 979; x_wconf 91' lang='lat' dir='ltr'>qui</span> <span class='ocrx_word' id='word_1_76' title='bbox 861 918 912 964; x_wconf 90' lang='lat' dir='ltr'>in</span> <span class='ocrx_word' id='word_1_77' title='bbox 937 917 1132 964; x_wconf 89' lang='lat' dir='ltr'>civitate</span> <span class='ocrx_word' id='word_1_78' title='bbox 1157 934 1268 964; x_wconf 90' lang='lat' dir='ltr'>cum</span> <span class='ocrx_word' id='word_1_79' title='bbox 1292 934 1472 964; x_wconf 73' lang='lat' dir='ltr'>summo</span> <span class='ocrx_word' id='word_1_80' title='bbox 1498 918 1707 982; x_wconf 79' lang='lat' dir='ltr'>imperio</span> <span class='ocrx_word' id='word_1_81' title='bbox 1733 923 1821 965; x_wconf 85' lang='lat' dir='ltr'>est.</span> 
     </span>
     <span class='ocr_line' id='line_1_19' title="bbox 549 991 1867 1056; baseline 0.002 -18"><span class='ocrx_word' id='word_1_82' title='bbox 549 994 607 1046; x_wconf 91' lang='grc'>17</span> <span class='ocrx_word' id='word_1_83' title='bbox 614 1030 624 1039; x_wconf 88' lang='grc'><strong>.</strong></span> <span class='ocrx_word' id='word_1_84' title='bbox 661 991 799 1039; x_wconf 88' lang='lat' dir='ltr'>Adeo</span> <span class='ocrx_word' id='word_1_85' title='bbox 819 992 994 1039; x_wconf 87' lang='lat' dir='ltr'>durum</span> <span class='ocrx_word' id='word_1_86' title='bbox 1012 993 1236 1040; x_wconf 82' lang='lat' dir='ltr'>maximae</span> <span class='ocrx_word' id='word_1_87' title='bbox 1254 993 1382 1056; x_wconf 87' lang='lat' dir='ltr'>parti</span> <span class='ocrx_word' id='word_1_88' title='bbox 1399 992 1652 1040; x_wconf 89' lang='lat' dir='ltr'>hominum</span> <span class='ocrx_word' id='word_1_89' title='bbox 1668 992 1867 1053; x_wconf 67' lang='lat' dir='ltr'>videnn·</span> 
     </span>
     <span class='ocr_line' id='line_1_20' title="bbox 479 1055 1870 1131; baseline 0.001 -19"><span class='ocrx_word' id='word_1_90' title='bbox 479 1081 581 1113; x_wconf 85' lang='lat' dir='ltr'>esse</span> <span class='ocrx_word' id='word_1_91' title='bbox 615 1082 845 1113; x_wconf 74' lang='lat' dir='ltr'>summum</span> <span class='ocrx_word' id='word_1_92' title='bbox 867 1066 962 1113; x_wconf 92' lang='lat' dir='ltr'>hoc</span> <span class='ocrx_word' id='word_1_93' title='bbox 988 1067 1247 1130; x_wconf 76' lang='lat' dir='ltr'>imperium</span> <span class='ocrx_word' id='word_1_94' title='bbox 1271 1074 1320 1115; x_wconf 92' lang='lat' dir='ltr'>et</span> <span class='ocrx_word' id='word_1_95' title='bbox 1349 1067 1585 1131; x_wconf 77' lang='lat' dir='ltr'>potentia</span> <span class='ocrx_word' id='word_1_96' title='bbox 1623 1055 1870 1126; x_wconf 84' lang='lat' dir='ltr'>absoluta,</span> 
     </span>
     <span class='ocr_line' id='line_1_21' title="bbox 479 1141 1874 1205; baseline 0.001 -17"><span class='ocrx_word' id='word_1_97' title='bbox 479 1148 535 1188; x_wconf 90' lang='lat' dir='ltr'>ut</span> <span class='ocrx_word' id='word_1_98' title='bbox 574 1142 681 1203; x_wconf 85' lang='lat' dir='ltr'>ipsa</span> <span class='ocrx_word' id='word_1_99' title='bbox 718 1142 865 1188; x_wconf 82' lang='lat' dir='ltr'>ctiam</span> <span class='ocrx_word' id='word_1_100' title='bbox 904 1142 1103 1189; x_wconf 91' lang='lat' dir='ltr'>nomina</span> <span class='ocrx_word' id='word_1_101' title='bbox 1142 1143 1358 1190; x_wconf 75' lang='lat' dir='ltr'>oderint.&#39;</span> <span class='ocrx_word' id='word_1_102' title='bbox 1418 1143 1476 1190; x_wconf 94' lang='lat' dir='ltr'>Id</span> <span class='ocrx_word' id='word_1_103' title='bbox 1517 1142 1649 1205; x_wconf 91' lang='lat' dir='ltr'>quod</span> <span class='ocrx_word' id='word_1_104' title='bbox 1689 1141 1874 1190; x_wconf 81' lang='lat' dir='ltr'>accidit</span> 
     </span>
     <span class='ocr_line' id='line_1_22' title="bbox 482 1216 1868 1282; baseline 0.001 -20"><span class='ocrx_word' id='word_1_105' title='bbox 482 1216 690 1263; x_wconf 85' lang='lat' dir='ltr'>maxime</span> <span class='ocrx_word' id='word_1_106' title='bbox 724 1232 812 1278; x_wconf 86' lang='lat' dir='ltr'>per</span> <span class='ocrx_word' id='word_1_107' title='bbox 851 1216 1093 1264; x_wconf 86' lang='lat' dir='ltr'>inscitiam</span> <span class='ocrx_word' id='word_1_108' title='bbox 1117 1217 1340 1264; x_wconf 78' lang='lat' dir='ltr'>humauoe</span> <span class='ocrx_word' id='word_1_109' title='bbox 1378 1224 1574 1264; x_wconf 80' lang='lat' dir='ltr'>uaturoe</span> <span class='ocrx_word' id='word_1_110' title='bbox 1610 1225 1660 1264; x_wconf 92' lang='lat' dir='ltr'>et</span> <span class='ocrx_word' id='word_1_111' title='bbox 1701 1217 1868 1282; x_wconf 83' lang='lat' dir='ltr'>legum</span> 
     </span>
     <span class='ocr_line' id='line_1_23' title="bbox 482 1291 1872 1355; baseline 0.001 -17"><span class='ocrx_word' id='word_1_112' title='bbox 482 1291 786 1338; x_wconf 78' lang='lat' dir='ltr'>naturalium</span> <span class='ocrx_word' id='word_1_113' title='bbox 805 1310 824 1346; x_wconf 88' lang='lat'><em>;</em></span> <span class='ocrx_word' id='word_1_114' title='bbox 858 1292 1039 1354; x_wconf 87' lang='lat' dir='ltr'>partim</span> <span class='ocrx_word' id='word_1_115' title='bbox 1065 1300 1229 1339; x_wconf 89' lang='lat' dir='ltr'>autem</span> <span class='ocrx_word' id='word_1_116' title='bbox 1264 1293 1412 1339; x_wconf 86' lang='lat' dir='ltr'>etiam</span> <span class='ocrx_word' id='word_1_117' title='bbox 1439 1309 1527 1355; x_wconf 88' lang='lat' dir='ltr'>per</span> <span class='ocrx_word' id='word_1_118' title='bbox 1558 1308 1725 1339; x_wconf 84' lang='lat' dir='ltr'>eorum</span> <span class='ocrx_word' id='word_1_119' title='bbox 1767 1292 1872 1340; x_wconf 84' lang='lat' dir='ltr'>cul-</span> 
     </span>
     <span class='ocr_line' id='line_1_24' title="bbox 481 1367 1870 1430; baseline 0.001 -17"><span class='ocrx_word' id='word_1_120' title='bbox 481 1383 611 1429; x_wconf 90' lang='lat' dir='ltr'>pam,</span> <span class='ocrx_word' id='word_1_121' title='bbox 637 1367 720 1429; x_wconf 92' lang='lat' dir='ltr'>qui</span> <span class='ocrx_word' id='word_1_122' title='bbox 744 1383 855 1413; x_wconf 89' lang='lat' dir='ltr'>cum</span> <span class='ocrx_word' id='word_1_123' title='bbox 877 1367 928 1413; x_wconf 90' lang='lat' dir='ltr'>in</span> <span class='ocrx_word' id='word_1_124' title='bbox 951 1367 1037 1414; x_wconf 89' lang='lat' dir='ltr'>tali</span> <span class='ocrx_word' id='word_1_125' title='bbox 1061 1368 1264 1430; x_wconf 90' lang='lat' dir='ltr'>imperio</span> <span class='ocrx_word' id='word_1_126' title='bbox 1291 1368 1545 1415; x_wconf 85' lang='lat' dir='ltr'>constituti</span> <span class='ocrx_word' id='word_1_127' title='bbox 1569 1368 1681 1426; x_wconf 85' lang='lat' dir='ltr'>sint,</span> <span class='ocrx_word' id='word_1_128' title='bbox 1705 1374 1870 1430; x_wconf 84' lang='lat' dir='ltr'>potes-</span> 
     </span>
     <span class='ocr_line' id='line_1_25' title="bbox 481 1442 1871 1505; baseline 0 -15"><span class='ocrx_word' id='word_1_129' title='bbox 481 1451 583 1491; x_wconf 88' lang='lat' dir='ltr'>tate</span> <span class='ocrx_word' id='word_1_130' title='bbox 624 1458 712 1489; x_wconf 84' lang='lat' dir='ltr'>sua</span> <span class='ocrx_word' id='word_1_131' title='bbox 747 1442 811 1489; x_wconf 89' lang='lat' dir='ltr'>ad</span> <span class='ocrx_word' id='word_1_132' title='bbox 855 1443 1103 1505; x_wconf 87' lang='lat' dir='ltr'>propriam</span> <span class='ocrx_word' id='word_1_133' title='bbox 1148 1443 1397 1490; x_wconf 84' lang='lat' dir='ltr'>libidinem</span> <span class='ocrx_word' id='word_1_134' title='bbox 1444 1444 1728 1490; x_wconf 87' lang='lat' dir='ltr'>abutuntur.</span> <span class='ocrx_word' id='word_1_135' title='bbox 1800 1443 1871 1490; x_wconf 89' lang='lat' dir='ltr'>Ut</span> 
     </span>
     <span class='ocr_line' id='line_1_26' title="bbox 481 1517 1871 1582; baseline 0.001 -18"><span class='ocrx_word' id='word_1_136' title='bbox 481 1517 672 1581; x_wconf 78' lang='lat' dir='ltr'>fugiant</span> <span class='ocrx_word' id='word_1_137' title='bbox 694 1518 845 1580; x_wconf 83' lang='lat' dir='ltr'>igitur</span> <span class='ocrx_word' id='word_1_138' title='bbox 867 1518 1146 1580; x_wconf 86' lang='lat' dir='ltr'>hujusmodi</span> <span class='ocrx_word' id='word_1_139' title='bbox 1170 1535 1402 1565; x_wconf 75' lang='lat' dir='ltr'>summam</span> <span class='ocrx_word' id='word_1_140' title='bbox 1417 1524 1740 1582; x_wconf 72' lang='lat' dir='ltr'>potestatem,</span> <span class='ocrx_word' id='word_1_141' title='bbox 1766 1517 1871 1580; x_wconf 82' lang='lat' dir='ltr'>qui-</span> 
     </span>
     <span class='ocr_line' id='line_1_27' title="bbox 485 1592 1870 1651; baseline 0.001 -12"><span class='ocrx_word' id='word_1_142' title='bbox 485 1593 597 1640; x_wconf 90' lang='lat' dir='ltr'>dam</span> <span class='ocrx_word' id='word_1_143' title='bbox 614 1609 782 1640; x_wconf 88' lang='lat' dir='ltr'>eorum</span> <span class='ocrx_word' id='word_1_144' title='bbox 798 1592 1047 1639; x_wconf 87' lang='lat' dir='ltr'>civitatem</span> <span class='ocrx_word' id='word_1_145' title='bbox 1062 1593 1177 1640; x_wconf 84' lang='lat' dir='ltr'>satis</span> <span class='ocrx_word' id='word_1_146' title='bbox 1196 1599 1328 1640; x_wconf 86' lang='lat' dir='ltr'>recte</span> <span class='ocrx_word' id='word_1_147' title='bbox 1347 1593 1663 1640; x_wconf 85' lang='lat' dir='ltr'>constitutam</span> <span class='ocrx_word' id='word_1_148' title='bbox 1679 1592 1870 1651; x_wconf 87' lang='lat' dir='ltr'>volunt,</span> 
     </span>
     <span class='ocr_line' id='line_1_28' title="bbox 485 1667 1873 1731; baseline -0.001 -15"><span class='ocrx_word' id='word_1_149' title='bbox 485 1669 525 1716; x_wconf 84' lang='lat' dir='ltr'>si</span> <span class='ocrx_word' id='word_1_150' title='bbox 549 1669 634 1727; x_wconf 91' lang='lat' dir='ltr'>illi,</span> <span class='ocrx_word' id='word_1_151' title='bbox 655 1668 739 1731; x_wconf 93' lang='lat' dir='ltr'>qui</span> <span class='ocrx_word' id='word_1_152' title='bbox 764 1668 892 1715; x_wconf 84' lang='lat' dir='ltr'>cives</span> <span class='ocrx_word' id='word_1_153' title='bbox 915 1668 1067 1715; x_wconf 86' lang='lat' dir='ltr'>futuri</span> <span class='ocrx_word' id='word_1_154' title='bbox 1090 1675 1218 1726; x_wconf 87' lang='lat' dir='ltr'>sunt,</span> <span class='ocrx_word' id='word_1_155' title='bbox 1236 1674 1482 1726; x_wconf 85' lang='lat' dir='ltr'>coeuntes,</span> <span class='ocrx_word' id='word_1_156' title='bbox 1503 1667 1563 1714; x_wconf 94' lang='lat' dir='ltr'>de</span> <span class='ocrx_word' id='word_1_157' title='bbox 1583 1667 1727 1715; x_wconf 87' lang='lat' dir='ltr'>certis</span> <span class='ocrx_word' id='word_1_158' title='bbox 1750 1667 1873 1715; x_wconf 81' lang='lat' dir='ltr'>arti-</span> 
     </span>
    </p>
   </div>
   <div class='ocr_carea' id='block_1_6' title="bbox 485 1833 1875 2929">
    <p class='ocr_par' dir='ltr' id='par_1_6' title="bbox 485 1833 1875 2929">
     <span class='ocr_line' id='line_1_29' title="bbox 499 1833 1870 1886; baseline -0.004 -11"><span class='ocrx_word' id='word_1_159' title='bbox 499 1837 501 1840; x_wconf 42' lang='lat'><em>*</em></span> <span class='ocrx_word' id='word_1_160' title='bbox 540 1843 563 1864; x_wconf 65' lang='lat'>&#39;⁶⁴</span> <span class='ocrx_word' id='word_1_161' title='bbox 587 1837 694 1881; x_wconf 84' lang='lat' dir='ltr'>Quod</span> <span class='ocrx_word' id='word_1_162' title='bbox 714 1837 833 1886; x_wconf 82' lang='lat' dir='ltr'>facta</span> <span class='ocrx_word' id='word_1_163' title='bbox 866 1841 955 1874; x_wconf 79' lang='lat' dir='ltr'>suut</span> <span class='ocrx_word' id='word_1_164' title='bbox 987 1849 1070 1873; x_wconf 85' lang='lat' dir='ltr'>cum</span> <span class='ocrx_word' id='word_1_165' title='bbox 1093 1835 1360 1886; x_wconf 77' lang='lat' dir='ltr'>jurejurando,</span> <span class='ocrx_word' id='word_1_166' title='bbox 1399 1838 1468 1871; x_wconf 82' lang='lat' dir='ltr'>aut</span> <span class='ocrx_word' id='word_1_167' title='bbox 1497 1836 1745 1879; x_wconf 76' lang='lat' dir='ltr'>sacramento,</span> <span class='ocrx_word' id='word_1_168' title='bbox 1777 1833 1870 1882; x_wconf 65' lang='lat' dir='ltr'>eta]</span> 
     </span>
     <span class='ocr_line' id='line_1_30' title="bbox 487 1894 1871 1946; baseline -0.004 -10"><span class='ocrx_word' id='word_1_169' title='bbox 487 1899 627 1937; x_wconf 88' lang='lat' dir='ltr'>Utrum</span> <span class='ocrx_word' id='word_1_170' title='bbox 646 1899 930 1936; x_wconf 84' lang='lat' dir='ltr'>matrimonium</span> <span class='ocrx_word' id='word_1_171' title='bbox 956 1903 1235 1936; x_wconf 84' lang='lat' dir='ltr'>sacramentum</span> <span class='ocrx_word' id='word_1_172' title='bbox 1253 1898 1311 1941; x_wconf 88' lang='lat' dir='ltr'>sit,</span> <span class='ocrx_word' id='word_1_173' title='bbox 1333 1909 1410 1946; x_wconf 91' lang='lat' dir='ltr'>quo</span> <span class='ocrx_word' id='word_1_174' title='bbox 1429 1908 1540 1933; x_wconf 87' lang='lat' dir='ltr'>sensu</span> <span class='ocrx_word' id='word_1_175' title='bbox 1559 1907 1605 1932; x_wconf 83' lang='lat' dir='ltr'>ea</span> <span class='ocrx_word' id='word_1_176' title='bbox 1631 1907 1706 1932; x_wconf 85' lang='lat' dir='ltr'>vox</span> <span class='ocrx_word' id='word_1_177' title='bbox 1724 1906 1747 1931; x_wconf 84' lang='lat' dir='ltr'>a</span> <span class='ocrx_word' id='word_1_178' title='bbox 1764 1894 1871 1932; x_wconf 87' lang='lat' dir='ltr'>theo-</span> 
     </span>
     <span class='ocr_line' id='line_1_31' title="bbox 485 1956 1872 2009; baseline -0.004 -12"><span class='ocrx_word' id='word_1_179' title='bbox 485 1960 582 2009; x_wconf 87' lang='lat' dir='ltr'>logis</span> <span class='ocrx_word' id='word_1_180' title='bbox 618 1965 834 2009; x_wconf 84' lang='lat' dir='ltr'>usurpatur,</span> <span class='ocrx_word' id='word_1_181' title='bbox 863 1972 912 1996; x_wconf 89' lang='lat' dir='ltr'>an</span> <span class='ocrx_word' id='word_1_182' title='bbox 944 1972 1020 1996; x_wconf 90' lang='lat' dir='ltr'>non</span> <span class='ocrx_word' id='word_1_183' title='bbox 1052 1960 1111 2004; x_wconf 80' lang='lat' dir='ltr'>sit,</span> <span class='ocrx_word' id='word_1_184' title='bbox 1143 1971 1219 1996; x_wconf 90' lang='lat' dir='ltr'>non</span> <span class='ocrx_word' id='word_1_185' title='bbox 1253 1964 1308 1995; x_wconf 90' lang='lat' dir='ltr'>est</span> <span class='ocrx_word' id='word_1_186' title='bbox 1337 1957 1450 2006; x_wconf 88' lang='lat' dir='ltr'>hujus</span> <span class='ocrx_word' id='word_1_187' title='bbox 1475 1957 1637 1994; x_wconf 88' lang='lat' dir='ltr'>instituti</span> <span class='ocrx_word' id='word_1_188' title='bbox 1667 1956 1872 2005; x_wconf 74' lang='lat' dir='ltr'>disputare.</span> 
     </span>
     <span class='ocr_line' id='line_1_32' title="bbox 487 2018 1871 2065; baseline -0.003 -8"><span class='ocrx_word' id='word_1_189' title='bbox 487 2021 655 2058; x_wconf 88' lang='lat' dir='ltr'>Tantum</span> <span class='ocrx_word' id='word_1_190' title='bbox 691 2021 788 2065; x_wconf 89' lang='lat' dir='ltr'>dico,</span> <span class='ocrx_word' id='word_1_191' title='bbox 826 2021 897 2058; x_wconf 90' lang='lat' dir='ltr'>viri</span> <span class='ocrx_word' id='word_1_192' title='bbox 933 2026 971 2058; x_wconf 88' lang='lat' dir='ltr'>et</span> <span class='ocrx_word' id='word_1_193' title='bbox 1006 2020 1173 2056; x_wconf 85' lang='lat' dir='ltr'>mulieris</span> <span class='ocrx_word' id='word_1_194' title='bbox 1205 2019 1253 2056; x_wconf 90' lang='lat' dir='ltr'>ad</span> <span class='ocrx_word' id='word_1_195' title='bbox 1282 2018 1602 2056; x_wconf 86' lang='lat' dir='ltr'>cohabitationem</span> <span class='ocrx_word' id='word_1_196' title='bbox 1633 2021 1871 2054; x_wconf 83' lang='lat' dir='ltr'>contractum</span> 
     </span>
     <span class='ocr_line' id='line_1_33' title="bbox 486 2077 1871 2132; baseline -0.004 -13"><span class='ocrx_word' id='word_1_197' title='bbox 486 2082 709 2132; x_wconf 82' lang='lat' dir='ltr'>legitimum,</span> <span class='ocrx_word' id='word_1_198' title='bbox 735 2082 773 2118; x_wconf 94' lang='lat' dir='ltr'>id</span> <span class='ocrx_word' id='word_1_199' title='bbox 793 2087 860 2127; x_wconf 87' lang='lat' dir='ltr'>est,</span> <span class='ocrx_word' id='word_1_200' title='bbox 878 2082 963 2131; x_wconf 86' lang='lat' dir='ltr'>lege</span> <span class='ocrx_word' id='word_1_201' title='bbox 996 2081 1097 2118; x_wconf 84' lang='lat' dir='ltr'>civili</span> <span class='ocrx_word' id='word_1_202' title='bbox 1116 2093 1350 2123; x_wconf 87' lang='lat' dir='ltr'>concessum,</span> <span class='ocrx_word' id='word_1_203' title='bbox 1370 2080 1448 2116; x_wconf 89' lang='lat' dir='ltr'>sive</span> <span class='ocrx_word' id='word_1_204' title='bbox 1474 2083 1750 2116; x_wconf 84' lang='lat' dir='ltr'>sacramentum</span> <span class='ocrx_word' id='word_1_205' title='bbox 1769 2077 1871 2114; x_wconf 88' lang='lat' dir='ltr'>idem</span> 
     </span>
     <span class='ocr_line' id='line_1_34' title="bbox 487 2138 1872 2190; baseline -0.004 -10"><span class='ocrx_word' id='word_1_206' title='bbox 487 2145 547 2186; x_wconf 89' lang='lat' dir='ltr'>sit,</span> <span class='ocrx_word' id='word_1_207' title='bbox 566 2145 645 2180; x_wconf 88' lang='lat' dir='ltr'>sive</span> <span class='ocrx_word' id='word_1_208' title='bbox 664 2155 738 2180; x_wconf 90' lang='lat' dir='ltr'>non</span> <span class='ocrx_word' id='word_1_209' title='bbox 758 2144 817 2187; x_wconf 87' lang='lat' dir='ltr'>sit,</span> <span class='ocrx_word' id='word_1_210' title='bbox 846 2149 949 2180; x_wconf 89' lang='lat' dir='ltr'>certe</span> <span class='ocrx_word' id='word_1_211' title='bbox 978 2156 1058 2180; x_wconf 86' lang='lat' dir='ltr'>esse</span> <span class='ocrx_word' id='word_1_212' title='bbox 1085 2142 1368 2179; x_wconf 87' lang='lat' dir='ltr'>matrimonium</span> <span class='ocrx_word' id='word_1_213' title='bbox 1386 2140 1619 2190; x_wconf 87' lang='lat' dir='ltr'>legitimum:</span> <span class='ocrx_word' id='word_1_214' title='bbox 1647 2138 1872 2175; x_wconf 84' lang='lat' dir='ltr'>cohabitati-</span> 
     </span>
     <span class='ocr_line' id='line_1_35' title="bbox 489 2199 1871 2253; baseline -0.004 -12"><span class='ocrx_word' id='word_1_215' title='bbox 489 2217 599 2241; x_wconf 88' lang='lat' dir='ltr'>onem</span> <span class='ocrx_word' id='word_1_216' title='bbox 618 2211 745 2241; x_wconf 84' lang='lat' dir='ltr'>autem</span> <span class='ocrx_word' id='word_1_217' title='bbox 765 2204 916 2253; x_wconf 88' lang='lat' dir='ltr'>qualem</span> <span class='ocrx_word' id='word_1_218' title='bbox 935 2209 1001 2241; x_wconf 87' lang='lat' dir='ltr'>aut</span> <span class='ocrx_word' id='word_1_219' title='bbox 1019 2205 1117 2241; x_wconf 90' lang='lat' dir='ltr'>inter</span> <span class='ocrx_word' id='word_1_220' title='bbox 1144 2216 1239 2252; x_wconf 90' lang='lat' dir='ltr'>quos</span> <span class='ocrx_word' id='word_1_221' title='bbox 1269 2203 1400 2239; x_wconf 86' lang='lat' dir='ltr'>civitas</span> <span class='ocrx_word' id='word_1_222' title='bbox 1423 2201 1506 2238; x_wconf 90' lang='lat' dir='ltr'>fieri</span> <span class='ocrx_word' id='word_1_223' title='bbox 1535 2200 1723 2249; x_wconf 89' lang='lat' dir='ltr'>prohibet,</span> <span class='ocrx_word' id='word_1_224' title='bbox 1742 2199 1871 2236; x_wconf 87' lang='lat' dir='ltr'>matri-</span> 
     </span>
     <span class='ocr_line' id='line_1_36' title="bbox 489 2261 1875 2309; baseline -0.005 -7"><span class='ocrx_word' id='word_1_225' title='bbox 489 2266 660 2302; x_wconf 89' lang='lat' dir='ltr'>monium</span> <span class='ocrx_word' id='word_1_226' title='bbox 678 2277 751 2302; x_wconf 91' lang='lat' dir='ltr'>non</span> <span class='ocrx_word' id='word_1_227' title='bbox 769 2277 859 2309; x_wconf 84' lang='lat' dir='ltr'>esse,</span> <span class='ocrx_word' id='word_1_228' title='bbox 875 2277 963 2302; x_wconf 89' lang='lat' dir='ltr'>cum</span> <span class='ocrx_word' id='word_1_229' title='bbox 977 2265 1026 2301; x_wconf 88' lang='lat' dir='ltr'>sit</span> <span class='ocrx_word' id='word_1_230' title='bbox 1043 2265 1090 2301; x_wconf 92' lang='lat' dir='ltr'>de</span> <span class='ocrx_word' id='word_1_231' title='bbox 1108 2264 1269 2301; x_wconf 86' lang='lat' dir='ltr'>essentia</span> <span class='ocrx_word' id='word_1_232' title='bbox 1281 2262 1523 2303; x_wconf 85' lang='lat' dir='ltr'>matrimonii,</span> <span class='ocrx_word' id='word_1_233' title='bbox 1534 2265 1577 2297; x_wconf 88' lang='lat' dir='ltr'>ut</span> <span class='ocrx_word' id='word_1_234' title='bbox 1588 2261 1638 2297; x_wconf 83' lang='lat' dir='ltr'>sit</span> <span class='ocrx_word' id='word_1_235' title='bbox 1655 2264 1875 2297; x_wconf 83' lang='lat' dir='ltr'>contractus</span> 
     </span>
     <span class='ocr_line' id='line_1_37' title="bbox 490 2321 1872 2375; baseline -0.004 -12"><span class='ocrx_word' id='word_1_236' title='bbox 490 2327 691 2375; x_wconf 82' lang='lat' dir='ltr'>legitimus.</span> <span class='ocrx_word' id='word_1_237' title='bbox 747 2325 996 2363; x_wconf 86' lang='lat' dir='ltr'>Matrimonia</span> <span class='ocrx_word' id='word_1_238' title='bbox 1027 2325 1182 2362; x_wconf 86' lang='lat' dir='ltr'>fuerunt</span> <span class='ocrx_word' id='word_1_239' title='bbox 1210 2324 1379 2374; x_wconf 83' lang='lat' dir='ltr'>legitima</span> <span class='ocrx_word' id='word_1_240' title='bbox 1406 2322 1600 2372; x_wconf 86' lang='lat' dir='ltr'>permultis</span> <span class='ocrx_word' id='word_1_241' title='bbox 1631 2321 1670 2357; x_wconf 86' lang='lat' dir='ltr'>in</span> <span class='ocrx_word' id='word_1_242' title='bbox 1701 2321 1806 2365; x_wconf 90' lang='lat' dir='ltr'>locis,</span> <span class='ocrx_word' id='word_1_243' title='bbox 1828 2325 1872 2358; x_wconf 87' lang='lat' dir='ltr'>ut</span> 
     </span>
     <span class='ocr_line' id='line_1_38' title="bbox 490 2381 1873 2436; baseline -0.003 -12"><span class='ocrx_word' id='word_1_244' title='bbox 490 2388 593 2436; x_wconf 88' lang='lat' dir='ltr'>apud</span> <span class='ocrx_word' id='word_1_245' title='bbox 621 2386 647 2425; x_wconf 90' lang='lat' dir='ltr'>J</span> <span class='ocrx_word' id='word_1_246' title='bbox 651 2387 788 2431; x_wconf 84' lang='lat' dir='ltr'>udaeos,</span> <span class='ocrx_word' id='word_1_247' title='bbox 826 2387 996 2430; x_wconf 89' lang='lat' dir='ltr'>Graecos,</span> <span class='ocrx_word' id='word_1_248' title='bbox 1035 2386 1239 2429; x_wconf 88' lang='lat' dir='ltr'>Romanos,</span> <span class='ocrx_word' id='word_1_249' title='bbox 1276 2397 1362 2434; x_wconf 82' lang='lat' dir='ltr'>quae</span> <span class='ocrx_word' id='word_1_250' title='bbox 1397 2389 1523 2421; x_wconf 87' lang='lat' dir='ltr'>tamen</span> <span class='ocrx_word' id='word_1_251' title='bbox 1558 2381 1652 2419; x_wconf 90' lang='lat' dir='ltr'>solvi</span> <span class='ocrx_word' id='word_1_252' title='bbox 1683 2387 1873 2431; x_wconf 83' lang='lat' dir='ltr'>poterant.</span> 
     </span>
     <span class='ocr_line' id='line_1_39' title="bbox 491 2433 1874 2498; baseline -0.005 -13"><span class='ocrx_word' id='word_1_253' title='bbox 491 2448 610 2498; x_wconf 90' lang='lat' dir='ltr'>Apud</span> <span class='ocrx_word' id='word_1_254' title='bbox 629 2461 693 2485; x_wconf 89' lang='lat' dir='ltr'>eos</span> <span class='ocrx_word' id='word_1_255' title='bbox 711 2453 839 2484; x_wconf 89' lang='lat' dir='ltr'>autem</span> <span class='ocrx_word' id='word_1_256' title='bbox 851 2448 917 2496; x_wconf 90' lang='lat' dir='ltr'>qui</span> <span class='ocrx_word' id='word_1_257' title='bbox 936 2459 1010 2483; x_wconf 88' lang='lat' dir='ltr'>non</span> <span class='ocrx_word' id='word_1_258' title='bbox 1025 2447 1250 2495; x_wconf 87' lang='lat' dir='ltr'>permittunt</span> <span class='ocrx_word' id='word_1_259' title='bbox 1267 2444 1482 2495; x_wconf 89' lang='lat' dir='ltr'>hujusmodi</span> <span class='ocrx_word' id='word_1_260' title='bbox 1495 2447 1722 2487; x_wconf 82' lang='lat' dir='ltr'>contractus,</span> <span class='ocrx_word' id='word_1_261' title='bbox 1741 2443 1813 2479; x_wconf 89' lang='lat' dir='ltr'>nisi</span> <span class='ocrx_word' id='word_1_262' title='bbox 1827 2433 1874 2480; x_wconf 69' lang='lat' dir='ltr'>ea</span> 
     </span>
     <span class='ocr_line' id='line_1_40' title="bbox 491 2504 1872 2560; baseline -0.006 -13"><span class='ocrx_word' id='word_1_263' title='bbox 491 2511 575 2560; x_wconf 84' lang='lat' dir='ltr'>lege</span> <span class='ocrx_word' id='word_1_264' title='bbox 607 2516 650 2546; x_wconf 92' lang='lat' dir='ltr'>ut</span> <span class='ocrx_word' id='word_1_265' title='bbox 680 2521 875 2558; x_wconf 88' lang='lat' dir='ltr'>nunquam</span> <span class='ocrx_word' id='word_1_266' title='bbox 903 2508 1165 2552; x_wconf 83' lang='lat' dir='ltr'>dissolvantur,</span> <span class='ocrx_word' id='word_1_267' title='bbox 1184 2506 1465 2543; x_wconf 81' lang='lat' dir='ltr'>matrimonium</span> <span class='ocrx_word' id='word_1_268' title='bbox 1486 2504 1581 2541; x_wconf 87' lang='lat' dir='ltr'>solvi</span> <span class='ocrx_word' id='word_1_269' title='bbox 1612 2504 1766 2553; x_wconf 86' lang='lat' dir='ltr'>quidem</span> <span class='ocrx_word' id='word_1_270' title='bbox 1794 2516 1872 2541; x_wconf 88' lang='lat' dir='ltr'>non</span> 
     </span>
     <span class='ocr_line' id='line_1_41' title="bbox 491 2565 1871 2621; baseline -0.004 -13"><span class='ocrx_word' id='word_1_271' title='bbox 491 2576 640 2621; x_wconf 86' lang='lat' dir='ltr'>potest;</span> <span class='ocrx_word' id='word_1_272' title='bbox 668 2576 706 2608; x_wconf 90' lang='lat' dir='ltr'>et</span> <span class='ocrx_word' id='word_1_273' title='bbox 730 2570 826 2607; x_wconf 84' lang='lat' dir='ltr'>ratio</span> <span class='ocrx_word' id='word_1_274' title='bbox 845 2575 912 2614; x_wconf 88' lang='lat' dir='ltr'>est,</span> <span class='ocrx_word' id='word_1_275' title='bbox 941 2569 1045 2619; x_wconf 90' lang='lat' dir='ltr'>quod</span> <span class='ocrx_word' id='word_1_276' title='bbox 1078 2569 1209 2606; x_wconf 86' lang='lat' dir='ltr'>civitas</span> <span class='ocrx_word' id='word_1_277' title='bbox 1240 2568 1332 2605; x_wconf 89' lang='lat' dir='ltr'>illud</span> <span class='ocrx_word' id='word_1_278' title='bbox 1361 2566 1518 2603; x_wconf 86' lang='lat' dir='ltr'>solubile</span> <span class='ocrx_word' id='word_1_279' title='bbox 1536 2565 1619 2602; x_wconf 87' lang='lat' dir='ltr'>fieri</span> <span class='ocrx_word' id='word_1_280' title='bbox 1644 2565 1776 2608; x_wconf 87' lang='lat' dir='ltr'>vetuit,</span> <span class='ocrx_word' id='word_1_281' title='bbox 1794 2577 1871 2602; x_wconf 89' lang='lat' dir='ltr'>non</span> 
     </span>
     <span class='ocr_line' id='line_1_42' title="bbox 493 2627 1872 2682; baseline -0.005 -13"><span class='ocrx_word' id='word_1_282' title='bbox 493 2633 596 2682; x_wconf 91' lang='lat' dir='ltr'>quod</span> <span class='ocrx_word' id='word_1_283' title='bbox 608 2632 890 2668; x_wconf 85' lang='lat' dir='ltr'>matrimonium</span> <span class='ocrx_word' id='word_1_284' title='bbox 908 2631 956 2667; x_wconf 87' lang='lat' dir='ltr'>sit</span> <span class='ocrx_word' id='word_1_285' title='bbox 974 2635 1262 2667; x_wconf 85' lang='lat' dir='ltr'>sacramentum.</span> <span class='ocrx_word' id='word_1_286' title='bbox 1316 2629 1451 2677; x_wconf 87' lang='lat' dir='ltr'>Itaque</span> <span class='ocrx_word' id='word_1_287' title='bbox 1464 2628 1565 2664; x_wconf 81' lang='lat' dir='ltr'>circa</span> <span class='ocrx_word' id='word_1_288' title='bbox 1577 2627 1872 2671; x_wconf 83' lang='lat' dir='ltr'>matrimonium,</span> 
     </span>
     <span class='ocr_line' id='line_1_43' title="bbox 492 2688 1874 2743; baseline -0.005 -13"><span class='ocrx_word' id='word_1_289' title='bbox 492 2694 711 2743; x_wconf 85' lang='lat' dir='ltr'>nuptiarum</span> <span class='ocrx_word' id='word_1_290' title='bbox 731 2693 966 2737; x_wconf 78' lang='lat' dir='ltr'>cerimonias,</span> <span class='ocrx_word' id='word_1_291' title='bbox 979 2698 1072 2742; x_wconf 69' lang='lat' dir='ltr'>&#39;quae</span> <span class='ocrx_word' id='word_1_292' title='bbox 1092 2692 1130 2728; x_wconf 91' lang='lat' dir='ltr'>in</span> <span class='ocrx_word' id='word_1_293' title='bbox 1148 2691 1290 2740; x_wconf 85' lang='lat' dir='ltr'>templo</span> <span class='ocrx_word' id='word_1_294' title='bbox 1315 2688 1542 2739; x_wconf 74' lang='lat' dir='ltr'>peragendae</span> <span class='ocrx_word' id='word_1_295' title='bbox 1559 2692 1658 2732; x_wconf 87' lang='lat' dir='ltr'>suut,</span> <span class='ocrx_word' id='word_1_296' title='bbox 1677 2699 1874 2737; x_wconf 84' lang='lat' dir='ltr'>peragere,</span> 
     </span>
     <span class='ocr_line' id='line_1_44' title="bbox 493 2746 1874 2806; baseline -0.007 -13"><span class='ocrx_word' id='word_1_297' title='bbox 493 2746 718 2806; x_wconf 79' lang='lat' dir='ltr'>conjugibus</span> <span class='ocrx_word' id='word_1_298' title='bbox 738 2755 974 2797; x_wconf 86' lang='lat' dir='ltr'>benedicere,</span> <span class='ocrx_word' id='word_1_299' title='bbox 988 2754 1059 2799; x_wconf 87' lang='lat' dir='ltr'>vel,</span> <span class='ocrx_word' id='word_1_300' title='bbox 1073 2754 1105 2791; x_wconf 91' lang='lat' dir='ltr'>si</span> <span class='ocrx_word' id='word_1_301' title='bbox 1118 2754 1170 2790; x_wconf 84' lang='lat' dir='ltr'>ita</span> <span class='ocrx_word' id='word_1_302' title='bbox 1184 2751 1386 2790; x_wconf 89' lang='lat' dir='ltr'>dicendum</span> <span class='ocrx_word' id='word_1_303' title='bbox 1405 2754 1472 2794; x_wconf 82' lang='lat' dir='ltr'>est,</span> <span class='ocrx_word' id='word_1_304' title='bbox 1491 2761 1555 2786; x_wconf 90' lang='lat' dir='ltr'>eos</span> <span class='ocrx_word' id='word_1_305' title='bbox 1573 2760 1805 2792; x_wconf 85' lang='lat' dir='ltr'>consecrare,</span> <span class='ocrx_word' id='word_1_306' title='bbox 1824 2747 1874 2785; x_wconf 88' lang='lat' dir='ltr'>ad</span> 
     </span>
     <span class='ocr_line' id='line_1_45' title="bbox 494 2809 1873 2864; baseline -0.008 -9"><span class='ocrx_word' id='word_1_307' title='bbox 494 2818 767 2854; x_wconf 86' lang='lat' dir='ltr'>ecclesiasticos</span> <span class='ocrx_word' id='word_1_308' title='bbox 786 2816 943 2853; x_wconf 86' lang='lat' dir='ltr'>fortasse</span> <span class='ocrx_word' id='word_1_309' title='bbox 956 2816 1055 2853; x_wconf 83' lang='lat' dir='ltr'>solos</span> <span class='ocrx_word' id='word_1_310' title='bbox 1072 2814 1299 2864; x_wconf 80' lang='lat' dir='ltr'>pertinebit3</span> <span class='ocrx_word' id='word_1_311' title='bbox 1325 2816 1464 2849; x_wconf 87' lang='lat' dir='ltr'>caetera</span> <span class='ocrx_word' id='word_1_312' title='bbox 1481 2810 1618 2854; x_wconf 88' lang='lat' dir='ltr'>omnia,</span> <span class='ocrx_word' id='word_1_313' title='bbox 1638 2821 1776 2860; x_wconf 87' lang='lat' dir='ltr'>nempe</span> <span class='ocrx_word' id='word_1_314' title='bbox 1793 2809 1873 2858; x_wconf 86' lang='lat' dir='ltr'>qui,</span> 
     </span>
     <span class='ocr_line' id='line_1_46' title="bbox 494 2871 1874 2929; baseline -0.007 -12"><span class='ocrx_word' id='word_1_315' title='bbox 494 2879 659 2929; x_wconf 88' lang='lat' dir='ltr'>quando,</span> <span class='ocrx_word' id='word_1_316' title='bbox 678 2879 817 2925; x_wconf 83' lang='lat' dir='ltr'>quibus</span> <span class='ocrx_word' id='word_1_317' title='bbox 834 2878 954 2927; x_wconf 86' lang='lat' dir='ltr'>pactis</span> <span class='ocrx_word' id='word_1_318' title='bbox 973 2875 1212 2914; x_wconf 86' lang='lat' dir='ltr'>matrimonia</span> <span class='ocrx_word' id='word_1_319' title='bbox 1229 2874 1332 2919; x_wconf 86' lang='lat' dir='ltr'>fiant,</span> <span class='ocrx_word' id='word_1_320' title='bbox 1351 2884 1467 2925; x_wconf 82' lang='lat' dir='ltr'>penes</span> <span class='ocrx_word' id='word_1_321' title='bbox 1480 2871 1584 2921; x_wconf 88' lang='lat' dir='ltr'>leges</span> <span class='ocrx_word' id='word_1_322' title='bbox 1598 2871 1760 2909; x_wconf 84' lang='lat' dir='ltr'>civitatis</span> <span class='ocrx_word' id='word_1_323' title='bbox 1773 2874 1874 2908; x_wconf 83' lang='lat' dir='ltr'>sunt.</span> 
     </span>
    </p>
   </div>
  </div>
 </body>
</html>
