2020 3262
452 222 547 266 322
988 234 1293 272 IMPERIUM.

190 362 319 396 sncrr,
339 363 408 396 111.
453 342 611 390 edicto
647 352 733 392 seu
766 343 968 394 decreto
1004 348 1329 407 contineatur,
1357 347 1490 411 quod
1513 362 1715 396 summae
1746 364 1835 412 po-

276 415 327 445 14·
391 460 396 471 ‚
452 418 618 466 testati
652 418 802 483 ipsius
835 421 1118 485 imperantis
1156 424 1372 487 deroget.
1441 423 1555 471 Non
1593 430 1666 471 est
1700 418 1856 472 enim¹

452 494 737 558 putandum,
763 511 873 544 eum
896 498 1019 546 velle
1042 499 1278 562 potestati
1295 515 1396 546 suae
1418 514 1448 546 a
1466 498 1837 562 quibuscunque

453 569 685 619 ministris
719 572 817 620 suis
853 573 1114 638 quicquam
1149 575 1355 634 detrahi,
1388 574 1505 622 dum
1538 574 1839 624 voluntatem

453 645 633 694 retinet
655 646 942 711 imperandi.
1013 650 1274 698 Sententia
1304 665 1419 698 vero
1455 649 1635 714 legum,
1659 650 1744 698 ubi
1779 649 1840 698 de

454 736 514 770 ea
536 722 805 784 dubitatur,
840 725 1052 788 petenda
1086 733 1162 774 est
1196 726 1256 774 ab
1291 725 1366 786 iis,
1404 725 1576 789 quibus
1600 742 1630 774 a
1653 741 1842 775 summa

453 804 695 861 potestate
719 801 975 849 commissa
998 807 1073 850 est
1095 816 1360 849 cansarum
1384 801 1623 865 cognitio,
1649 801 1749 850 sive
1752 801 1840 864 ju-

455 873 610 922 dieia.
678 873 926 924 Judicare
950 876 1081 924 enim
1114 876 1235 924 nihil
1266 876 1398 924 aliud
1423 882 1498 924 est
1522 892 1667 939 quam
1701 877 1842 942 leges

454 949 656 1013 singulis
680 951 870 1000 casibus
902 951 1287 1017 interpretando
1322 952 1582 1016 applicare.
1654 951 1843 1001 Quibus

455 1032 619 1073 autem
641 1026 695 1075 id
715 1043 892 1075 munus
917 1028 1227 1076 commissum
1251 1035 1340 1087 est,
1360 1028 1533 1077 eodem
1557 1027 1704 1076 modo
1729 1043 1844 1091 cog-

453 1101 685 1161 noscitur,
712 1118 808 1166 quo
833 1104 1172 1167 cognoscimus
1207 1103 1289 1167 qui
1313 1104 1412 1151 sint
1434 1104 1485 1163 ii,
1513 1104 1688 1167 quibus
1711 1116 1843 1151 com-

453 1177 603 1225 missa
625 1184 700 1225 est
722 1178 989 1227 auctoritas
1013 1179 1145 1243 leges
1168 1179 1530 1243 promulgandi.

173 1259 259 1332 ὼΙςθᾳὶξ
273 1258 365 1309 civilis
525 1258 602 1301 14.
638 1252 839 1312 Rursus,
859 1253 939 1302 lex
962 1253 1143 1314 civilis,
1161 1270 1252 1318 pro
1271 1254 1454 1318 duplici
1472 1255 1618 1303 modo
1633 1253 1845 1319 promul-

173 1312 352 1396 scssssfflet
454 1327 619 1392 gandi,
632 1327 843 1377 duorum
857 1345 1094 1392 generum
1109 1336 1203 1378 est:
1224 1330 1438 1394 scripta,
1455 1336 1505 1378 et
1519 1347 1614 1378 non
1629 1330 1844 1395 scripta.

172 1399 233 1419 ¹¹⁰⁰
247 1391 392 1427 ⁵⁰“Ptam'
457 1404 550 1452 Per
584 1402 831 1466 scriptam
865 1404 1085 1468 intelligo
1121 1421 1243 1464 eam,
1281 1421 1390 1468 quae
1423 1421 1545 1454 voce
1570 1406 1671 1454 sive
1706 1406 1844 1468 signo

457 1478 621 1541 aliquo
639 1476 735 1525 alio
757 1477 1022 1526 voluntatis
1044 1479 1337 1542 legislatoris
1355 1479 1543 1544 indiget
1564 1487 1621 1528 ut
1642 1479 1730 1528 fiat
1748 1479 1844 1528 lex.

458 1553 645 1617 Legum
684 1552 814 1601 enim
852 1568 1008 1618 genus
1050 1569 1195 1602 omne
1237 1561 1286 1602 et
1326 1561 1505 1603 natura
1545 1561 1594 1603 et
1627 1563 1847 1619 tempore

460 1645 684 1677 coaevum
720 1636 794 1677 est
826 1630 997 1694 generi
1035 1630 1267 1690 humano,
1310 1637 1361 1678 et
1386 1638 1648 1694 propterea
1678 1632 1847 1680 inven-

460 1704 597 1753 tione
630 1704 883 1753 literarum
914 1712 964 1753 et
995 1705 1238 1753 scribendi
1270 1713 1376 1753 arte
1405 1705 1667 1769 antiquius.
1734 1706 1848 1754 Non

462 1794 580 1843 ergo
605 1780 713 1845 legi
736 1781 943 1846 seriptae
963 1781 1238 1830 necessaria
1265 1789 1341 1829 est
1362 1782 1595 1846 seriptiO,
1619 1781 1705 1830 sed
1725 1797 1849 1839 vox;

461 1856 569 1904 haec
587 1857 691 1905 sola
712 1857 777 1905 ad
799 1858 1082 1918 essentiam,
1100 1858 1184 1906 illa
1206 1857 1271 1905 ad
1294 1857 1693 1905 recordationem
1716 1856 1850 1922 legis

464 1931 684 1980 adhibita
701 1938 788 1980 est.
859 1932 989 1980 Nam
1012 1939 1125 1981 ante
1143 1933 1366 1981 inventas
1389 1932 1558 1981 literas
1582 1932 1647 1980 ad
1668 1948 1850 1980 memo-

463 2006 588 2054 riam
627 2007 970 2070 adjuvandam,
1009 2007 1149 2072 leges
1179 2008 1232 2055 in
1264 2015 1424 2056 metra
1453 2007 1675 2056 redactas
1698 2007 1852 2056 canti-

464 2082 560 2130 tari
582 2082 748 2131 solitas
771 2098 875 2131 esse
898 2083 1121 2146 legimus.
1191 2083 1306 2131 Non
1329 2083 1530 2148 scripta
1554 2090 1628 2132 est
1651 2098 1724 2142 ea,
1743 2099 1852 2146 quae

465 2174 565 2206 non
588 2157 683 2206 alia
715 2158 904 2222 indiget
937 2158 1329 2222 promulgatione
1360 2165 1540 2222 praeter
1561 2174 1732 2207 vocem
1765 2175 1852 2207 na-

466 2240 592 2282 turae
627 2234 728 2282 sive
762 2235 1002 2283 rationem
1035 2234 1338 2290 naturalem3
1375 2235 1542 2298 quales
1572 2242 1687 2283 sunt
1710 2233 1851 2299 leges

465 2309 744 2358 naturales.
813 2311 915 2359 Lex
937 2310 1067 2358 enim
1084 2311 1334 2370 naturalis,
1361 2325 1653 2374 quamquam
1675 2325 1706 2358 a
1723 2309 1852 2357 civili

468 2384 800 2449 distinguatur
837 2393 1075 2450 quatenus
1115 2386 1357 2435 voluntati
1395 2386 1630 2450 praecipit,
1671 2392 1851 2445 tamen,

469 2462 602 2525 quod
651 2462 716 2511 ad
760 2462 974 2511 actiones
1019 2462 1212 2522 attinet,
1254 2462 1407 2510 civilis
1455 2470 1544 2510 est.
1628 2460 1852 2523 Exempli

467 2538 655 2600 gratia3
692 2539 816 2597 haec,
851 2554 946 2586 non
981 2538 1316 2604 concupisces,
1353 2553 1460 2601 quae
1495 2535 1711 2600 pertinet
1744 2543 1854 2583 tan-

469 2620 576 2660 tum
612 2613 676 2661 ad
715 2613 946 2674 animum,
982 2614 1063 2662 lex
1096 2613 1331 2662 naturalis
1368 2619 1559 2661 tantum
1595 2618 1700 2667 est3
1747 2611 1854 2659 haec

468 2705 601 2748 vero,
624 2705 719 2737 non
742 2689 963 2749 invaaeS,
987 2696 1037 2737 et
1068 2689 1303 2737 naturalis
1327 2695 1376 2736 et
1399 2687 1550 2735 civilis
1573 2694 1662 2734 est.
1733 2686 1855 2734 Cum

473 2765 603 2813 enim
625 2765 817 2829 regulas
834 2766 1149 2829 praescribere
1166 2763 1476 2823 universales,
1496 2762 1670 2826 quibus
1689 2778 1855 2811 omnes
