1982 3256
422 269 494 302 DE
521 268 779 302 mom-ms
808 267 1157 310 DUPch'rIS,
1183 268 1299 301 Ere.
1493 255 1555 307 77

690 575 906 623 CAPUT
948 576 1037 623 IX.

193 679 265 713 DE
291 678 549 713 DIOPTRIS
583 677 929 722 DUPLICATIS,
958 677 1083 711 SIVE
1114 675 1445 710 TELESCOPIO
1473 675 1539 708 ΕΤ

666 745 1063 779 MICROSCOPIO.

174 827 208 871 1,
223 827 260 871 2,
278 828 316 865 3.
343 816 406 864 De
433 826 579 864 ratione
606 825 794 863 distinctae
821 826 974 863 visionis
1001 838 1070 876 per
1095 825 1258 874 dioptra.
1309 826 1346 862 4.
1382 822 1429 860 In
1455 822 1566 860 teles-

223 887 343 936 copiis
361 892 505 938 quanto
519 887 712 937 dioptrum
726 887 958 936 applicatum
973 887 1084 924 oculo
1099 885 1256 923 minoris
1268 885 1427 935 sphaerae
1440 884 1566 933 portio

222 953 290 993 est,
308 954 415 986 tanto
429 949 478 986 ab
492 948 612 986 altero
626 948 777 998 dioptro
791 948 912 998 magis
926 947 1112 985 removeri
1127 946 1252 984 debet.
1281 948 1318 984 5.
1331 945 1484 997 Objecti
1498 957 1567 994 per

222 1009 469 1060 telescopium
495 1010 575 1054 visi,
606 1010 714 1060 cujus
735 1010 897 1047 alterum
920 1010 1112 1059 dioptrum
1138 1014 1196 1046 est
1215 1020 1438 1053 concavum,
1460 1008 1567 1045 locus

221 1083 421 1120 apparens.
456 1074 495 1110 6.
511 1070 664 1121 Objecti
679 1083 749 1120 per
760 1071 1010 1120 telescopium
1023 1071 1105 1115 visi,
1117 1069 1226 1121 cujus
1241 1075 1447 1120 utrumque
1461 1069 1570 1119 diop-

223 1136 325 1170 trum
341 1138 398 1180 est
410 1145 637 1176 convexum,
651 1133 758 1170 locus
774 1145 972 1182 apparens.
1009 1133 1046 1174 7.
1061 1132 1256 1170 Distantia
1268 1132 1370 1169 oculi
1383 1145 1406 1169 a
1417 1132 1569 1181 dioptro

225 1191 318 1231 facit
335 1199 380 1231 ut
395 1194 482 1244 plus
508 1194 681 1231 minusve
708 1193 848 1244 objecti
868 1194 1054 1239 videatur,
1073 1206 1150 1230 non
1177 1199 1221 1231 ut
1248 1194 1368 1244 magis
1395 1195 1568 1231 minusve

225 1254 395 1293 confuse.
450 1257 486 1293 8.
509 1254 776 1304 Telescopium
795 1255 935 1305 quibus
954 1256 1068 1293 rebus
1086 1255 1130 1292 fit
1147 1255 1294 1293 melius.
1348 1258 1386 1295 9.
1405 1254 1570 1293 Micros-

226 1317 327 1366 copii
345 1316 454 1362 ratio,
475 1315 555 1366 ejus
574 1316 678 1366 quod
706 1317 949 1366 componitur
967 1330 1014 1354 ex
1033 1317 1183 1355 duobus
1201 1317 1360 1366 dioptris
1378 1317 1569 1357 convexis.

228 1381 289 1418 10.
304 1377 605 1428 Microscopium
620 1383 658 1416 et
675 1378 925 1428 telescopium
939 1391 987 1416 ex
1001 1379 1152 1416 duobus
1165 1379 1272 1416 vitris
1286 1379 1477 1424 convexis,
1492 1391 1569 1416 non

225 1439 374 1478 fabrica
391 1439 583 1485 differunt,
603 1440 670 1477 sed
689 1453 773 1478 usu.

176 1534 212 1567 1.
238 1519 511 1568 PUNc'rUM
531 1519 720 1567 visibile
737 1519 994 1567 minimum
1012 1519 1389 1579 distinctissime,
1415 1535 1569 1583 quan-

175 1603 282 1644 tum
304 1601 482 1643 natura
503 1595 706 1658 patitur,
730 1603 848 1643 tunc
865 1594 1076 1654 videtur,
1106 1595 1300 1658 quando
1325 1595 1422 1643 duo
1445 1594 1572 1643 radii

1623 1550 1752 1583 SECT.
1771 1550 1823 1583 11.

1703 1602 1733 1632 9.

177 1672 238 1719 ab
263 1687 321 1719 eo
349 1671 671 1734 procedentes
708 1671 771 1718 ad
804 1671 1140 1718 extremitates
1170 1671 1370 1735 pupillae
1398 1672 1469 1719 ita
1498 1687 1573 1718 re·
1590 1690 1830 1719 nerafioneffis-

1589 1735 1687 1763 tinctae
1700 1734 1819 1762 visionis

177 1747 477 1811 fringuntur,
502 1753 558 1794 ut
581 1754 757 1795 coeant
777 1763 888 1794 cum
907 1763 998 1795 axe
1018 1747 1183 1810 optico
1202 1748 1253 1795 in
1271 1748 1379 1811 ipsa
1396 1747 1571 1795 retina.
1590 1788 1642 1816 pe,
1655 1778 1775 1816 &0th

175 1824 240 1871 Et
264 1839 560 1886 quamquam
585 1823 753 1871 caeteri
783 1823 909 1871 radii
933 1824 994 1870 ab
1019 1823 1191 1871 eodem
1222 1831 1409 1887 puncto
1434 1839 1575 1871 axem

178 1898 399 1963 opticum
417 1906 587 1946 secent
605 1907 869 1962 antequam
887 1899 1176 1962 perveniant
1190 1899 1254 1947 ad
1272 1900 1498 1958 retinam,
1515 1915 1576 1948 ex

179 1990 276 2038 quo
300 1975 358 2022 fit
380 1981 439 2022 ut
461 1974 570 2038 plus
595 1991 742 2037 quam
764 1982 1005 2038 punctum
1028 1975 1145 2023 hinc
1175 1975 1290 2023 inde
1321 1975 1577 2023 includant

179 2051 233 2098 in
257 2049 512 2113 superficie
530 2050 720 2109 retinae,
741 2058 792 2098 et
815 2066 903 2114 per
921 2066 1222 2114 consequens
1245 2060 1433 2115 puncta
1453 2052 1578 2116 phy-

179 2127 281 2175 sica
303 2125 447 2174 valde
470 2126 660 2174 minuta
682 2142 935 2189 nunquam
959 2126 1187 2175 distincte
1212 2128 1348 2176 cerni
1371 2128 1576 2191 possint,

179 2209 347 2250 tamen
369 2200 600 2249 videntur
622 2201 777 2265 magis
802 2202 1029 2250 distincte
1054 2203 1250 2266 quando
1274 2205 1480 2252 extremi
1504 2221 1580 2252 ra-

183 2278 252 2326 dii
275 2285 457 2326 coeunt
480 2277 533 2324 in
555 2277 716 2324 retina
740 2293 852 2324 cum
878 2277 984 2340 ipso
1009 2294 1114 2337 axe,
1143 2294 1287 2342 quam
1310 2279 1443 2327 alias.
1481 2280 1579 2328 Ra-

184 2353 253 2402 dii
270 2360 437 2401 autem
459 2352 531 2400 illi
560 2352 768 2400 extremi
797 2352 1084 2416 plerumque
1119 2370 1219 2402 non
1247 2355 1343 2402 nisi
1374 2355 1580 2403 insensi-

182 2429 347 2477 biliter
371 2428 605 2477 differunt
628 2445 658 2476 a
679 2428 954 2492 parallelis3
988 2430 1234 2492 parallelae
1269 2438 1434 2479 autem
1464 2447 1579 2479 vere

186 2520 290 2552 esse
326 2520 428 2552 non
463 2510 684 2568 possunt,
721 2503 807 2551 sed
839 2504 995 2568 magis
1029 2505 1107 2553 vel
1141 2507 1300 2554 minus
1334 2507 1579 2570 parallelae

184 2595 275 2643 pro
296 2579 578 2628 diversitate
597 2581 785 2643 figurae,
803 2581 1171 2644 magnitudinis,
1193 2589 1242 2630 et
1259 2591 1449 2631 naturae
1467 2600 1580 2647 par-

186 2656 312 2704 tium
335 2655 493 2710 oculi;
532 2656 707 2719 quibus
741 2656 886 2703 rebus
919 2656 1148 2705 refractio
1179 2658 1230 2705 in
1254 2659 1383 2706 oculi
1404 2659 1581 2708 humo-

118 2764 122 2768 -
187 2731 338 2790 ribus,
362 2731 414 2779 in
437 2730 543 2779 aliis
578 2731 830 2794 aliquanto
854 2732 1024 2795 major,
1055 2733 1107 2780 in
1141 2733 1247 2793 aliis
1281 2734 1443 2782 minor
1476 2751 1580 2783 esse

188 2806 327 2855 solet.
388 2806 513 2855 Quae
536 2814 594 2855 ut
615 2807 788 2855 melius
813 2807 976 2857 animo
1001 2809 1354 2873 concipiantur,
1381 2810 1580 2874 inspici-

189 2898 327 2931 amus
349 2883 557 2946 figuram
580 2883 802 2947 primam.
