2020 3262
484 290 555 323 DE
583 287 848 323 SERMONE
877 287 944 320 ET
971 286 1265 320 SCIENTIIS.
1508 274 1571 317 93

244 403 297 451 ’5.
323 401 736 451 Demonstrabilia
752 416 869 463 ergo
886 405 1002 447 sunt
1026 399 1332 446 theoremata
1365 396 1575 459 plurima
1623 417 1750 450 εΕςΤ,
1768 416 1818 448 η,

184 477 316 526 circa
339 478 679 542 quantitatem,
706 491 913 539 quorum
938 474 1142 522 scientia
1160 472 1434 537 appellatur
1458 487 1574 534 geo-
1696 469 1746 499 ¹⁰·

185 554 374 602 metria.
462 554 585 602 Cum
644 552 775 600 enim
831 567 990 599 causae
1035 549 1407 614 proprietatum,
1456 562 1574 609 quas
1593 562 1807 632 Theoremataffi

184 629 368 678 habent
393 628 596 692 singulae
619 628 806 691 figurae,
831 626 983 674 insint
1014 626 1066 673 in
1102 625 1196 673 illis
1233 639 1352 684 quas
1371 622 1463 686 ipsi
1487 621 1575 668 du-
1592 605 1836 676 ffiffffifflbmss,

186 706 341 754 cimus
364 705 517 753 lineas
534 725 546 760 ;
581 702 1018 766 generationesque
1036 703 1306 765 figurarum
1329 714 1389 746 ex
1407 704 1574 745 nostro
1593 695 1656 718 ‘⁰¹¹¹
1670 691 1757 718 ¹2b¹¹⁸
1771 699 1839 728 ‘1¹²⁹‘

1592 744 1658 762 rum
1686 743 1781 762 causae
1809 733 1839 760 in

187 780 495 845 dependeant
536 778 766 833 arbitri03
808 778 930 826 nihil
969 778 1175 841 amplius
1210 775 1476 839 requiritur
1511 773 1575 820 ad
1591 779 1841 826 nostrepotestate

1591 824 1661 849 sunt
1668 831 1674 853 ;
1687 829 1717 847 m
1729 819 1841 847 caeteris

187 855 579 920 cognoscendam
614 854 882 918 quamlibet
917 855 1088 917 figurae
1117 852 1367 916 propriam
1390 850 1574 914 passio·
1590 868 1705 913 tantufn
1729 863 1842 911 demqu-

186 949 316 991 nem,
341 948 485 995 quam
510 939 567 978 ut
591 947 649 978 ea
672 931 836 978 omnia
859 929 1238 987 consideremus,
1259 944 1369 991 quae
1404 906 1776 988 001153-ἶζζῗῖξὲἶῼ,ἐξ.)ι
1800 908 1842 933 m

188 1015 406 1072 quuntur
429 1006 843 1054 constructionem
868 1022 1014 1068 quam
1037 1005 1087 1052 in
1108 1003 1398 1052 delineanda
1419 1003 1580 1066 figura

188 1084 282 1148 ipsi
311 1082 534 1131 facimus
606 1082 778 1144 Itaque
817 1082 879 1129 ob
919 1082 1046 1128 hanc
1070 1097 1190 1138 rem,
1229 1079 1362 1143 quod
1397 1080 1580 1142 figuras

188 1174 279 1207 nos
318 1157 412 1221 ipsi
448 1172 684 1215 creamus,
721 1156 930 1219 contigit
966 1155 1290 1219 geometriam
1326 1154 1498 1202 haberi
1532 1160 1582 1201 et

191 1249 294 1282 esse
318 1232 763 1281 demonstrabilem.
834 1233 1033 1291 Contra,
1059 1233 1174 1295 quia
1196 1248 1359 1280 rerum
1383 1238 1583 1278 natura-

189 1309 311 1357 lium
329 1324 486 1356 causae
510 1308 562 1355 in
584 1314 753 1355 nostra
774 1315 1019 1371 potestate
1042 1325 1144 1355 non
1169 1315 1297 1367 sunt,
1322 1307 1408 1355 sed
1431 1307 1481 1354 in
1498 1324 1584 1354 Vo-

190 1382 381 1433 luntate
406 1384 585 1443 divina,
611 1392 660 1431 et
685 1384 799 1447 quia
823 1401 992 1433 earum
1023 1384 1234 1432 maxima
1255 1400 1383 1447 pars,
1408 1398 1585 1446 nempe

193 1461 364 1520 aether,
389 1468 465 1508 est
501 1460 756 1508 invisibilis
780 1482 791 1516 3
826 1462 1157 1525 proprietates
1182 1477 1351 1508 earum
1376 1476 1405 1507 a
1429 1458 1586 1507 causis

195 1531 452 1594 deducere,
475 1552 566 1584 nos
587 1536 670 1599 qui
694 1553 774 1584 eas
808 1554 909 1585 non
928 1537 1165 1596 videmus,
1190 1553 1290 1585 non
1314 1551 1586 1599 possumus.

195 1613 534 1661 Veruntamen
557 1612 619 1660 ab
651 1612 767 1676 ipsis
789 1613 1172 1676 proprietatibus
1197 1628 1316 1675 quas
1351 1611 1589 1668 videmuS,

197 1688 571 1752 consequentias
597 1688 884 1736 deducendo
921 1705 978 1736 eo
1003 1705 1158 1752 usque
1181 1688 1449 1752 procedere
1474 1703 1590 1734 con-

198 1780 391 1812 cessum
425 1773 515 1823 est,
541 1771 598 1812 ut
638 1765 760 1812 tales
798 1765 875 1812 vel
911 1766 1033 1812 tales
1068 1781 1236 1812 earum
1277 1781 1447 1813 causas
1486 1779 1590 1811 esse

198 1840 414 1904 potuisse
433 1839 767 1888 demonstrare
786 1841 1041 1904 possimus.
1092 1841 1216 1890 Quae
1238 1840 1591 1889 demonstratio

199 1933 230 1964 a
243 1916 535 1981 posteriore
560 1915 753 1974 dicitur,
781 1925 831 1964 et
867 1917 1070 1965 scientia
1095 1917 1216 1980 ipsa,
1240 1918 1456 1981 physica.
1527 1917 1592 1964 Et

202 1992 435 2056 quoniam
458 2008 521 2040 ne
557 2009 586 2040 a
620 1993 969 2055 posterioribus
994 1993 1192 2056 quidem
1216 1994 1279 2041 ad
1312 1993 1478 2057 priora
1513 2009 1592 2040 ra-

202 2067 485 2117 tiocinando
499 2068 702 2131 procedi
720 2063 882 2131 potest
900 2069 951 2116 in
974 2070 1118 2117 rebus
1136 2069 1456 2128 naturalibus,
1482 2085 1593 2132 quae

203 2151 341 2193 motu
359 2144 697 2208 perficiuntur,
707 2145 808 2192 sine
817 2145 1096 2209 cognitione
1112 2162 1280 2194 eorum
1299 2162 1407 2209 quae
1421 2162 1594 2193 unam-

205 2236 448 2284 quamque
472 2228 632 2268 motus
648 2221 858 2283 speciem
881 2230 1248 2285 consequuntur
1268 2243 1279 2277 ;
1299 2238 1390 2270 nec
1410 2222 1474 2270 ad
1490 2238 1597 2270 mo-

205 2305 343 2345 tuum
363 2296 736 2359 consequentias
753 2297 856 2345 sine
873 2298 1150 2361 cognitione
1171 2299 1476 2362 quantitatiS,
1487 2315 1597 2361 quae

206 2380 282 2420 est
305 2372 608 2436 geometria3
644 2373 750 2420 fieri
768 2389 868 2420 non
885 2380 1047 2436 potest
1064 2383 1120 2422 ut
1144 2391 1244 2422 non
1268 2375 1432 2438 aliqua
1450 2374 1598 2421 etiam

206 2465 236 2496 a
267 2448 470 2512 physico
507 2447 923 2515 demonstratione
958 2466 988 2497 a
1020 2450 1182 2513 priore
1219 2450 1601 2498 demonstranda

207 2523 321 2571 sint.
391 2524 564 2587 Itaque
599 2524 816 2587 physica,
850 2540 966 2573 vera
998 2525 1198 2589 inquam
1231 2526 1448 2590 physica,
1491 2542 1600 2589 quae

207 2599 491 2663 geometriae
514 2599 754 2657 innititur,
774 2600 904 2648 inter
918 2602 1285 2650 mathematicas
1308 2602 1487 2649 mixtas
1510 2619 1602 2649 nu-

208 2675 387 2723 merari
410 2676 550 2724 solet.
621 2676 984 2725 Mathematicae
1025 2678 1155 2726 enim
1180 2678 1277 2726 dici
1313 2678 1468 2726 solitae
1488 2686 1603 2726 sunt

209 2751 306 2799 illae
347 2751 581 2811 scientiae,
619 2768 728 2815 quae
763 2768 863 2799 non
902 2769 994 2801 usu
1031 2761 1080 2802 et
1117 2754 1429 2818 experiendo,
1455 2754 1541 2802 sed
1574 2771 1604 2802 a

210 2826 458 2890 magistris
489 2834 539 2875 et
572 2844 661 2892 per
695 2828 888 2891 regulas
928 2829 1255 2878 discebantur.
1326 2830 1602 2878 Mathema-

209 2903 309 2952 tica
332 2919 449 2967 ergo
472 2921 598 2968 pura
633 2911 721 2963 est,
758 2921 868 2968 quae
893 2906 1024 2955 circa
1058 2907 1357 2970 quantitates
1382 2914 1605 2955 versatur
