2020 3262
533 276 605 310 DE
631 273 871 312 LEGIBUS
897 274 967 309 ET
991 273 1270 311 PEccA'rIS.
1505 266 1599 311 315

203 388 497 441 obedientia.
567 388 782 453 Ideoque
804 387 857 436 111
878 392 1058 451 paeto,
1082 386 1218 450 prius
1246 386 1605 439 determinatur

204 466 326 532 quid
347 464 628 516 faciendum
642 471 732 525 est,
750 479 898 528 quam
911 462 976 511 ad
992 462 1273 511 faciendum
1297 463 1570 526 obligamur
1590 484 1602 519 ;

204 543 292 592 sed
327 543 379 593 in
420 542 536 608 lege
572 549 687 590 ante
725 540 999 604 obligamur
1036 539 1101 589 ad
1140 538 1435 597 faciendum,
1486 539 1605 602 quid

202 636 320 669 vero
344 610 634 671 'faciendum
673 618 751 677 sit,
788 616 1143 665 determinatur
1181 622 1309 680 post.
1379 615 1605 665 Debebat

202 697 357 760 igitur
378 695 668 745 Aristoteles
688 693 893 742 definire
913 692 1077 758 legem
1095 691 1290 746 civilem
1305 691 1402 741 hoc
1426 691 1598 739 modo:

204 772 288 823 lex
312 771 479 822 civilis
502 777 579 820 est
603 770 769 819 oratio
795 768 1004 833 definita
1017 783 1121 834 per
1151 766 1452 819 voluntatem
1484 767 1604 815 eivi-

205 849 351 908 tatis‚
370 847 577 913 singula
595 847 848 912 imperans
867 862 979 910 quoe
1003 850 1203 910 oportet
1207 844 1418 909 facere.
1479 843 1605 892 Quae

203 924 377 975 eadem
413 925 488 973 est'
527 939 640 974 cum
680 938 739 973 ea
778 937 928 985 quam
967 920 1219 973 attulimus
1255 936 1404 984 supra
1444 920 1605 984 capite

202 1008 357 1062 sextu,
372 1000 581 1051 articulo
595 1016 744 1059 110110,
759 999 993 1050 nimirum
1010 998 1152 1064 leges
1167 997 1341 1047 civiles
1355 1014 1467 1047 esse
1480 998 1604 1061 ejus,

201 1074 308 1126 sine
342 1076 554 1126 hominis
593 1075 700 1126 sive
740 1075 911 1134 cnrioe,
954 1075 1042 1140 qui
1081 1074 1133 1124 in
1175 1074 1382 1124 civitate
1420 1091 1606 1124 summa

195 1159 462 1220 potestate
474 1151 736 1218 praeditus
758 1157 851 1211 est,
877 1151 940 1201 de
964 1150 1142 1200 civium
1156 1150 1367 1215 suturis
1391 1151 1605 1203 actioni-

204 1229 294 1280 bus
318 1229 575 1279 mndata.

269 1312 317 1356 3.
351 1305 541 1372 Legem
577 1321 690 1358 eum
716 1306 842 1369 jure
877 1304 1190 1355 confundunt
1235 1304 1286 1364 ii,
1331 1306 1430 1370 qui,
1474 1305 1606 1370 quod

188 1384 314 1447 jure
328 1382 496 1432 divino
508 1382 801 1447 permissum
815 1389 907 1442 est,
921 1382 1083 1433 faeere
1096 1389 1428 1445 perseverant,
1438 1398 1608 1446 quam-

187 1475 350 1525 -quam
384 1458 502 1525 lege
524 1458 751 1508 civitatis
785 1458 1119 1522 prohibeatur.
1192 1458 1341 1508 Quod
1376 1458 1493 1524 lege
1530 1459 1606 1508 di-

205 1535 324 1589 vina
363 1535 670 1600 prohibetur,
711 1535 820 1599 lege
858 1534 989 1584 civili
1026 1533 1246 1598 permitti
1281 1551 1382 1584 non
1421 1543 1607 1606 potest,

201 1628 294 1663 nec
319 1610 454 1676 quod
491 1610 609 1676 Iege
632 1610 806 1660 divina
843 1611 1128 1675 imperatur,
1163 1611 1414 1674 prohiberi
1447 1619 1609 1676 potest

197 1687 315 1753 Iege
338 1686 495 1738 civili.
564 1687 902 1737 Veruntamen
926 1686 1060 1751 quod
1062 1687 1188 1758 jure
1214 1686 1380 1737 divino
1404 1690 1607 1752 permit-

197 1765 338 1824 titur,
361 1763 416 1815 id
438 1769 528 1823 est,
547 1763 683 1828 quod
714 1765 826 1827 jure
845 1763 1011 1813 divino
1034 1763 1142 1812 fieri
1165 1770 1345 1828 potest,
1369 1765 1493 1814 nihil
1515 1766 1607 1815 im-

194 1840 352 1906 pedit,
399 1856 497 1904 quo
543 1839 705 1889 minus
746 1839 879 1889 idem
919 1838 1035 1904 lege
1081 1838 1223 1889 civili
1267 1840 1604 1904 prohibeatur.

198 1916 371 1982 Leges
405 1916 539 1965 enim
575 1915 850 1980 inferiores
887 1915 1166 1966 libertatem
1202 1932 1233 1964 a
1255 1918 1606 1981 superioribus

193 1993 424 2043 >relictam
456 1993 754 2056 restringere
785 2000 1008 2057 possunt,
1034 2008 1331 2057 quamquam
1370 1995 1606 2059 ampliare

199 2087 302 2120 non
323 2075 546 2135 possunt.
614 2069 706 2118 Est
729 2076 896 2120 autem
906 2070 1014 2132 jus,
1040 2068 1256 2121 libertas
1279 2071 1552 2132 naturalis,
1576 2090 1607 2122 a

201 2147 393 2212 legibus
415 2163 519 2195 11011
536 2146 820 2206 constituta,
844 2146 932 2195 sed
964 2146 1152 2197 relicta.
1222 2146 1443 2198 Remotis
1474 2149 1606 2198 enim

191 2223 419 2290 legibus,
442 2222 658 2272 libertas
675 2223 870 2288 integra
892 2230 968 2273 est
985 2244 997 2280 ;
1032 2223 1163 2272 hane
1178 2223 1338 2287 primo
1353 2225 1607 2290 restringit

199 2299 459 2354 naturalis
505 2298 605 2360 lex,
653 2306 704 2348 et
743 2299 918 2351 divina
935 2317 956 2355 ;
1004 2299 1253 2351 residuam
1299 2301 1608 2365 retrsingunt

199 2376 344 2443 leges
367 2375 544 2425 civiles
562 2395 583 2432 ,·
618 2382 669 2426 et
692 2392 803 2440 quae
837 2376 937 2440 legi
960 2376 1091 2426 civili
1115 2385 1354 2440 superest,
1376 2378 1607 2443 restringi

196 2469 370 2504 rursus
404 2459 573 2518 potest
603 2469 633 2502 a
664 2451 1107 2502 constitutionibus
1129 2452 1501 2517 particularium
1523 2471 1607 2505 ur-

198 2530 336 2579 bium
360 2537 413 2579 et
447 2529 758 2578 societatum.
827 2528 1043 2579 Multum
1080 2545 1199 2593 ergo
1235 2530 1442 2580 interest
1477 2531 1607 2582 inter

199 2605 380 2672 legem,
405 2613 457 2655 et
464 2606 555 2670 jus
571 2624 589 2661 ;
627 2604 710 2654 lex
735 2605 867 2654 enim
889 2604 1152 2665 vinculum,
1165 2607 1258 2669 jus
1282 2606 1498 2656 libertas
1517 2616 1606 2668 est,

199 2682 535 2747 differuntque
555 2688 615 2730 ut
638 2682 903 2732 contraria.

1643 411 1772 446 SECT.
1791 411 1861 446 111.

1719 465 1772 496 14.

269 2765 318 2809 4.
353 2759 466 2809 Lex
483 2759 643 2808 omnis
667 2759 820 2808 dividi
841 2765 1022 2824 potest,
1039 2759 1269 2824 primum,
1292 2776 1383 2825 pro
1406 2761 1607 2811 diversi·
1625 2775 1739 2804 Divisio
1752 2775 1850 2813 legum

1635 2828 1655 2847 n
1668 2819 1783 2848 divinas
1797 2824 1826 2848 et
1838 2820 1892 2848 hu-

199 2843 308 2886 -tate
342 2837 621 2896 authorum,
649 2837 702 2885 in
734 2836 955 2885 divinam
987 2844 1037 2885 et
1067 2835 1343 2887 humanam.
1412 2838 1605 2889 Divina
1623 2872 1741 2897 mm&
1761 2864 1872 2892 adivi„

198 2920 372 2963 'autem
392 2925 484 2979 pro
508 2914 700 2964 duobus
723 2914 899 2975 modiS,
924 2914 1100 2979 quibus
1135 2914 1268 2965 Deus
1302 2915 1605 2967 voluntatem
1622 2907 1772 2936 ”mmm
1785 2912 1868 2937 ⁰³²³·
