1982 3256
432 269 504 302 DE
531 265 788 301 D10P'rms
817 263 1159 307 DUPLch'rIS‚
1187 264 1304 297 Ero.
1497 255 1548 298 81

184 378 208 427 I
229 380 307 435 K;
343 387 651 428 removeatur
683 394 799 442 ergo
824 376 887 424 ad
909 377 975 436 Χ,
999 377 1070 423 ita
1092 382 1149 423 ut
1183 382 1404 422 centrum
1439 376 1558 439 ejus,
1608 401 1734 433 ποτ,
1757 402 1806 434 11,

183 455 317 517 quod
339 463 453 503 ante
493 462 598 502 erat
631 453 683 501 in
706 454 765 512 Ο,
789 468 920 500 nunc
956 452 1021 499 sit
1059 451 1110 498 in
1135 450 1202 504 Ζ;
1239 459 1560 513 occurratque
1697 452 1726 483 9·

183 529 227 577 T
243 531 292 578 X
318 531 514 595 dioptro
539 530 608 578 sic
643 535 828 577 remoto
855 528 907 575 in
931 528 995 575 X.
1071 527 1288 591 Angulus
1312 526 1463 590 igitur
1486 527 1561 573 in-
1580 551 1616 578 1n
1630 551 1789 588 telescopiis

184 606 463 655 clinationis
486 605 611 654 radii
633 605 674 652 T
687 605 735 653 X
766 612 841 652 est
874 605 910 651 Z
926 604 974 651 X
992 604 1048 663 T,
1073 605 1230 667 major
1253 619 1399 667 quam
1424 603 1466 650 Ο
1482 602 1523 649 G
1538 603 1561 649 Ι
1579 594 1842 675 ξζζζξξζξξὲῒᾚ

184 683 391 746 angulus
436 681 762 730 inclinationis
808 679 934 727 radii
971 679 1059 728 IG.
1147 679 1311 728 Quare
1357 679 1563 741 angulus

183 758 422 822 refractus
454 757 579 805 radii
616 756 721 804 TX
746 756 901 819 major
938 763 1013 803 est
1060 771 1206 818 quam
1247 754 1451 818 angulus
1489 769 1565 801 re-

182 833 365 882 fractus
387 833 512 881 radii
537 832 646 888 IG;
681 831 846 895 itaque
861 832 1018 894 major
1040 830 1284 886 refractio‚
1309 846 1417 893 quae
1436 830 1567 878 facta

183 903 291 957 erat
314 909 364 957 in
399 908 594 972 dioptro
635 907 836 955 minoris
859 907 1061 970 sphaerae
1102 922 1316 954 concavo
1352 906 1402 953 in
1426 912 1567 969 parte

184 985 246 1032 ab
281 1000 372 1032 axe
409 999 594 1042 aversa,
638 989 979 1047 compensatur
1018 982 1069 1029 in
1117 981 1312 1045 dioptro
1349 997 1566 1029 convexo

184 1062 373 1108 remoto
395 1075 485 1123 per
502 1060 737 1123 majorem
750 1058 1092 1106 refractionem
1115 1074 1283 1106 versus
1306 1074 1462 1106 axem.
1516 1058 1569 1105 Si

185 1134 337 1199 igitur
382 1135 611 1183 distantia
652 1135 859 1182 duorum
900 1133 1206 1197 dioptrorum
1224 1135 1358 1197 justa
1380 1134 1481 1192 fiat,
1517 1134 1570 1181 id

185 1210 319 1275 quod
354 1210 649 1274 experiendo
684 1210 827 1257 facile
858 1210 930 1267 fit,
955 1209 1120 1257 radius
1142 1210 1184 1257 T
1198 1210 1247 1257 X
1275 1209 1569 1273 refringetur

186 1285 250 1334 ad
289 1286 450 1349 ipsum
483 1294 721 1350 punctum
756 1286 835 1341 N;
871 1286 1077 1349 ideoque
1116 1286 1365 1334 videbitur
1399 1287 1446 1334 N
1473 1287 1569 1334 dis-

185 1362 341 1410 tincte
363 1378 451 1426 per
485 1362 678 1426 dioptra
710 1362 865 1425 magis
902 1378 1047 1425 quam
1071 1363 1205 1426 prius
1245 1363 1374 1410 inter
1397 1379 1447 1411 se
1472 1363 1569 1411 dis-

186 1437 356 1486 tantia.
417 1438 615 1487 Quanto
635 1438 801 1502 itaque
821 1438 1069 1501 dioptrum
1084 1455 1351 1486 concavum
1368 1440 1570 1487 minoris

187 1514 391 1577 sphaerae
417 1514 579 1577 portio
611 1521 698 1573 est,
723 1521 863 1562 tanto
898 1514 1054 1577 magis
1079 1530 1108 1561 a
1136 1514 1331 1578 dioptro
1356 1531 1572 1563 convexo

189 1589 369 1637 distare
406 1589 568 1647 debet,
605 1590 643 1637 si
683 1589 829 1637 modo
864 1589 1030 1637 videre
1067 1589 1314 1653 objectum
1342 1590 1572 1640 distincte

187 1665 426 1713 volumus.
496 1665 640 1713 Ratio
686 1674 866 1723 autem,
906 1672 1106 1728 propter
1146 1682 1291 1729 quam
1326 1666 1573 1730 dioptrum

189 1757 460 1788 concavum
483 1758 581 1805 quo
605 1741 809 1789 minoris
834 1741 1036 1805 sphaerae
1053 1742 1216 1805 portio
1242 1751 1314 1790 est
1338 1759 1395 1790 eo
1418 1744 1574 1807 magis

189 1817 372 1865 distare
413 1817 557 1865 debet
592 1834 621 1865 a
654 1817 848 1881 dioptro
888 1834 1120 1877 convexo,
1157 1818 1289 1866 valet
1330 1819 1476 1866 etiam
1492 1818 1574 1885 ‚ad

188 1892 495 1956 probandum
518 1892 647 1940 idem
672 1893 732 1940 de
757 1893 949 1956 dioptro
970 1893 1101 1956 quod
1136 1894 1276 1941 oculo
1298 1895 1575 1958 proximum

191 1975 279 2027 est,
304 1969 452 2016 etiam
476 1968 516 2016 si
541 1984 812 2016 convexum
828 1969 990 2016 fuerit.
1062 1969 1259 2018 Quanto
1284 1970 1414 2017 enim
1438 1970 1576 2034 diop-

190 2053 323 2093 trum
348 2061 619 2092 convexum
638 2045 837 2092 minoris
857 2045 1059 2108 sphaerae
1076 2046 1238 2108 portio
1263 2054 1353 2105 est,
1369 2053 1507 2094 tanto
1522 2046 1574 2093 in

190 2136 250 2169 eo
274 2120 507 2168 refractio
532 2122 687 2184 major
711 2128 800 2179 est,
817 2128 867 2168 et
890 2128 1152 2184 propterea
1175 2129 1315 2169 tanto
1335 2122 1499 2170 radius
1523 2121 1575 2169 in

192 2213 251 2245 eo
274 2197 514 2244 refractus
539 2204 672 2244 secat
695 2212 836 2244 axem
858 2197 1074 2260 opticum
1096 2198 1296 2260 propius
1315 2197 1486 2253 oculo;
1524 2205 1575 2245 et

186 2273 415 2337 proinde,
434 2289 547 2320 cum
561 2287 701 2320 axem
721 2273 942 2332 secuerit,
963 2274 1117 2336 magis
1131 2274 1191 2321 ab
1211 2274 1316 2337 ipso
1333 2274 1543 2338 divergit
1562 2292 1573 2320 ε

191 2349 324 2397 unde
349 2349 570 2412 sequitur
592 2357 648 2397 ut
683 2355 821 2397 tanto
845 2350 1001 2413 major
1034 2350 1263 2398 refractio
1303 2351 1355 2399 in
1380 2351 1575 2413 dioptro

193 2425 347 2474 altero
378 2425 479 2483 fiat,
503 2432 560 2472 ut
595 2425 658 2472 ad
691 2433 929 2488 punctum
970 2426 1089 2485 axis,
1113 2426 1166 2474 in
1201 2443 1296 2490 quo
1332 2427 1578 2490 objectum

194 2501 405 2565 positum
445 2508 534 2559 est,
559 2500 850 2556 reducatur3
886 2517 945 2549 ex
971 2517 1066 2565 quo
1102 2503 1322 2566 sequitur
1345 2503 1578 2567 angulum

194 2576 525 2625 inclinationis
556 2578 788 2640 majorem
813 2576 987 2625 debere
1023 2594 1126 2626 esse
1150 2579 1201 2626 in
1227 2579 1422 2643 dioptro
1447 2579 1578 2642 quod

195 2653 390 2717 objecto
423 2653 708 2701 obvertitur.
780 2653 838 2701 Id
875 2654 1006 2717 quod
1042 2662 1148 2702 tum
1181 2656 1254 2715 fit,
1296 2672 1406 2703 cum
1442 2656 1579 2720 diop-

194 2735 327 2777 trum
348 2729 470 2777 illud
492 2730 553 2777 ab
578 2729 730 2778 altero
754 2730 908 2794 magis
933 2730 1093 2779 distat.

265 2811 310 2854 5.
341 2805 501 2853 Locus
517 2805 697 2869 objecti
721 2823 958 2871 apparens
982 2824 1069 2871 per
1086 2808 1418 2871 telescopium‚
1443 2809 1580 2872 cujus

329 2895 454 2929 von.
481 2896 541 2929 11.
1415 2899 1448 2932 G
