1968 3256
192 385 318 416 SECT.
344 387 398 419 ΙΙ.

279 436 311 467 6.

166 531 259 560 061101
273 536 334 560 eto

162 575 203 603 'at
254 576 316 604 sitis

272 585 349 647 ciedu
335 576 404 648 11161111-

160 757 300 828 imaginis.

446 244 510 286 48
977 258 1047 291 DE
1070 258 1310 293 HOMINE.

444 373 705 427 praesentet
730 369 979 431 speculum
998 387 1290 427 concavum3
1329 371 1484 434 sitque
1510 372 1676 420 oculus
1693 373 1744 421 in
1769 373 1820 421 F.

446 441 664 490 Ducatur
703 451 837 491 recta
882 446 990 503 FE,
1028 462 1136 509 quae
1175 448 1456 494 reflectatur
1495 463 1582 510 per
1612 448 1738 508 -,EG
1774 455 1825 496 et

399 524 580 564 torecta
602 518 639 564 F
658 518 710 577 C,
737 535 844 581 quae
868 520 1148 568 reflectatur
1170 538 1258 584 per
1292 523 1330 569 C
1346 523 1424 576 H;
1455 523 1629 584 juncta
1660 530 1823 573 autem

447 592 487 639 G
506 593 554 639 H
585 601 901 656 repiaesentet
935 596 1192 657 objectum.
1263 597 1433 660 Itaque
1468 596 1688 644 incidens
1723 597 1821 646 GE

186 584 271 646 ⁸³‘iJZP

161 670 197 698 ΡΘ
162 629 311 775 ζ”ῗῗζζζω
250 628 316 690 :¹¹¹⁰
318 661 387 733 ¹²¹¹ge
351 671 400 691 ⁰¹¹¹
388 669 723 741 ntreflectetur
740 685 829 732 per
847 670 886 716 E
903 671 954 728 F,
971 677 1019 718 et
1042 671 1259 719 incidens
1281 673 1329 719 H
1348 673 1386 719 C
1403 688 1490 735 per
1514 673 1552 720 C
1569 672 1621 720 F.
1659 672 1823 721 Quare

230 748 292 776 nire
303 748 348 777 100
351 757 400 777 um
445 751 681 806 punctum
706 744 747 791 G
769 744 1011 792 videbitur
1025 745 1236 793 alicubi
1225 763 1275 794 1n
1293 747 1422 795 linea
1438 748 1625 806 visuali,
1642 747 1683 795 si
1701 763 1823 811 opus

447 826 533 877 est,
567 819 822 882 producta,
848 821 953 867 FE.
1025 821 1271 881 Similiter,
1302 823 1545 871 videbitur
1584 830 1823 886 punctum

445 894 494 940 H
518 895 570 941 in
592 894 720 942 linea
741 895 911 942 visuali
935 896 973 942 F
991 895 1043 954 C,
1070 895 1216 943 etiam
1240 897 1280 944 si
1304 914 1424 960 opus
1450 906 1537 957 est,
1561 898 1820 961 producta.

441 969 470 1016 J
473 985 552 1016 am
576 969 615 1016 si
633 977 817 1032 puncta
832 970 874 1017 G
897 977 946 1017 et
971 971 1019 1017 H
1041 978 1203 1018 essent
1222 971 1272 1018 in
1287 972 1402 1035 ipsis
1420 974 1616 1036 punctis
1633 974 1674 1021 E
1693 982 1743 1022 et
1767 974 1821 1033 C,

441 1044 735 1103 viderentur,
770 1052 826 1092 ut
848 1061 935 1108 per
970 1061 1020 1093 se
1054 1046 1367 1094 manifestum
1390 1054 1478 1107 est,
1503 1048 1556 1096 in
1590 1048 1685 1096 illis
1707 1049 1822 1112 ipsis

440 1120 648 1182 punctis.
707 1120 1023 1168 Manifestum
1047 1121 1165 1168 item
1190 1130 1278 1180 est,
1304 1129 1450 1185 prout
1472 1123 1627 1186 magis
1646 1124 1823 1187 magis-

442 1211 535 1257 que
559 1195 875 1242 retrahuntur
909 1196 969 1242 ab
1005 1195 1097 1243 illis
1120 1196 1313 1259 punctis
1348 1198 1387 1244 E
1413 1204 1462 1245 et
1486 1198 1540 1257 C,
1564 1198 1635 1246 ita
1668 1200 1821 1262 magis

441 1270 721 1332 apparitura
746 1286 847 1317 esse
861 1270 989 1317 ultra
1013 1271 1277 1334 speculum.
1334 1272 1682 1336 Supponantur
1705 1290 1821 1338 ergo

441 1353 653 1393 retracta
677 1361 780 1393 esse
812 1346 875 1393 ad
901 1346 943 1393 G
966 1353 1014 1394 et
1039 1348 1104 1406 H,
1129 1348 1213 1395 ubi
1237 1364 1294 1395 ea
1332 1348 1692 1404 collocavimus;
1724 1349 1818 1397 ¹du-

441 1428 710 1484 canturque
734 1437 763 1468 a
782 1421 823 1468 G
847 1428 895 1468 et
920 1422 967 1468 H
1002 1430 1149 1470 rectae
1174 1424 1216 1471 G
1235 1424 1272 1482 I,
1300 1424 1348 1470 H
1370 1424 1415 1470 K
1445 1424 1688 1486 parallelae
1713 1415 1821 1488 per-

438 1496 700 1558 pendiculo
742 1496 884 1554 oculi,
922 1513 1095 1561 nempe
1130 1506 1279 1546 rectae
1315 1499 1430 1557 AB,
1469 1508 1687 1548 secantes
1712 1501 1818 1559 FE,

440 1573 477 1618 F
497 1572 535 1619 C
565 1572 826 1634 productas
861 1571 912 1619 in
947 1572 970 1620 I
1003 1580 1052 1620 61
1076 1574 1137 1621 Κ.
1205 1573 1327 1621 Dico
1350 1573 1454 1620 fore
1487 1581 1541 1622 ut
1575 1575 1820 1637 objectum

440 1654 671 1710 appareat
701 1646 830 1694 inter
862 1647 883 1693 I
909 1653 957 1694 et
982 1648 1042 1706 K,
1066 1664 1256 1711 nempe,
1292 1656 1529 1712 punctum
1565 1650 1607 1698 G
1629 1650 1680 1698 in
1705 1651 1743 1710 Ι,
1769 1658 1820 1699 61

437 1728 675 1784 punctum
699 1722 748 1768 H
773 1721 824 1769 in
849 1722 910 1769 K.

518 1797 853 1845 Producantur
893 1797 1143 1845 indefinite
1188 1799 1432 1861 parallelae
1480 1800 1574 1859 IG,
1610 1801 1656 1849 K
1673 1801 1721 1849 H
1766 1801 1819 1849 in

438 1872 477 1919 L
501 1879 548 1919 et
574 1873 645 1930 Μ,
682 1880 730 1920 61
755 1881 1058 1936 supponatur
1094 1874 1341 1936 objectum
1365 1875 1592 1923 collocari
1614 1876 1666 1923 in
1689 1876 1729 1923 L
1747 1876 1816 1924 M.

438 1948 663 1995 Incidens
689 1962 803 2010 ergo
824 1964 852 1995 a
874 1956 1057 2011 puncto
1083 1949 1139 2008 L,
1164 1957 1221 1997 ut
1243 1951 1523 1999 reflectatur
1537 1951 1600 1999 ad
1623 1951 1818 1999 oculum

434 2024 486 2069 in
510 2024 561 2081 F,
587 2023 729 2070 cadet
763 2024 890 2071 inter
914 2025 953 2071 E
979 2031 1027 2072 et
1052 2024 1091 2071 B
1114 2046 1125 2080 ;
1163 2032 1213 2073 et
1235 2026 1455 2074 incidens
1491 2043 1520 2074 a
1541 2034 1726 2090 puncto
1745 2027 1816 2085 Μ,

434 2105 490 2145 111
507 2099 789 2146 reflectatur
812 2098 875 2146 ad
898 2099 1025 2146 idem
1050 2106 1286 2162 punctum
1322 2101 1373 2160 F,
1394 2101 1535 2149 cadet
1557 2101 1684 2150 inter
1707 2102 1745 2150 C
1768 2109 1817 2150 61

435 2174 502 2228 Ε;
540 2181 588 2221 61
623 2174 868 2221 videbitur
892 2175 1137 2237 objectum
1170 2192 1259 2238 per
1282 2177 1400 2224 alias
1422 2177 1630 2225 visuales
1671 2193 1815 2240 quam

436 2251 472 2296 F
489 2250 544 2305 E,
581 2250 671 2297 FC
695 2256 745 2296 et
778 2250 931 2312 magis
955 2250 1085 2298 ultra
1114 2251 1377 2313 speculum.
1447 2252 1575 2299 Nam
1598 2267 1694 2314 quo
1730 2253 1815 2300 ob-

430 2326 615 2387 jectum
638 2341 668 2372 a
691 2325 885 2387 speculo
909 2326 1143 2374 remotius
1168 2334 1256 2385 est,
1282 2343 1339 2375 eo
1365 2327 1512 2375 etiam
1535 2327 1671 2375 locus
1696 2327 1821 2376 ima-¹

434 2401 559 2463 ginis
579 2402 638 2448 ab
664 2400 832 2447 eodem
859 2402 1054 2463 speculo
1079 2402 1173 2449 erit
1196 2402 1442 2461 remotior,
1467 2403 1814 2466 apparebitque
1885 2455 1888 2457 ,

435 2476 522 2522 sub
552 2476 738 2523 minore
779 2476 956 2538 angulo
995 2493 1185 2540 semper
1225 2479 1397 2536 minor,
1424 2478 1578 2525 donec
1611 2478 1663 2525 in
1696 2479 1812 2526 satis

434 2567 610 2613 magna
655 2551 922 2598 remotione
970 2552 1210 2613 deveniat,
1256 2560 1452 2616 propter
1498 2553 1813 2616 exiguitatem

433 2627 598 2688 anguli
611 2627 791 2685 visorii,
809 2626 1076 2686 invisibilis,
1095 2629 1324 2676 nimirum
1348 2628 1631 2675 coeuntibus
1654 2629 1812 2691 paral-

431 2701 535 2747 lelis
571 2702 622 2748 in
662 2702 820 2764 ipsum
861 2703 988 2749 oculi
1023 2703 1435 2766 perpendiculum.
1504 2703 1666 2766 Atque
1704 2703 1811 2752 haec

433 2775 630 2836 quidem
665 2792 765 2823 una
801 2793 946 2824 causa
981 2785 1054 2826 est
1078 2795 1138 2826 ex
1161 2778 1218 2825 iis
1242 2794 1350 2841 quae
1385 2778 1548 2825 locum
1586 2778 1811 2841 imaginis

433 2850 773 2910 determinant,
797 2867 971 2914 nempe
996 2853 1128 2916 quod
1149 2853 1284 2900 locus
1316 2852 1540 2915 imaginis
1559 2852 1622 2899 ad
1645 2868 1812 2916 specu-

431 2926 533 2973 lum
555 2926 743 2974 accedit
762 2934 811 2975 et
830 2928 1015 2976 recedit
1039 2929 1090 2976 in
1107 2927 1348 2992 parallelis
1373 2928 1395 2976 Ι
1415 2928 1471 2987 G,
1493 2928 1538 2975 K
1556 2927 1620 2976 H.
