1968 3256
404 276 465 321 50
922 287 992 322 DE
1019 286 1255 323 ΗοΜΙΝΕ.

156 417 280 449 sEcT.
306 418 356 450 11.
470 405 514 446 3.
552 398 620 447 Ut
642 399 844 448 sciamus
867 408 1028 449 autem
1049 401 1134 448 ubi
1154 401 1288 450 locus
1319 398 1495 461 objecti
1525 413 1758 463 apparens

128 468 350 587 0*ss
403 479 520 523 tunc
543 481 630 533 est,
650 474 842 538 quando
862 475 1078 524 incidens
1101 492 1130 523 a
1153 481 1333 539 puncto
1348 473 1526 537 objecti
1542 473 1759 523 radiante

156 560 388 600 ⁰1¹010t0bjeeto
403 549 798 612 perpendiculum
811 550 939 598 oculi
952 559 1064 599 ante
1082 558 1213 599 secat
1231 566 1375 614 quam
1388 546 1474 597 fiat
1487 548 1551 596 ad
1569 548 1760 600 oculum
1833 544 1839 551 ⁶

121 604 250 677 ἷῘθωΡᾝ
222 605 282 633 ”im
252 648 313 677 0510
302 606 389 677 ⁰22¹}
404 624 631 685 reflectio,
647 625 914 688 intelligere
932 633 1123 688 oportet
1136 626 1244 673 loca
1265 641 1367 672 esse
1387 624 1498 683 (1110,
1515 623 1566 671 in
1585 623 1757 686 quibus

126 657 313 763 „ffsffffmp‘E‘Pf
311 692 375 764 {5¹³
405 699 445 747 si
468 700 711 763 objectum
747 701 958 763 positum
995 701 1070 761 sit,
1096 709 1312 751 extrema
1348 700 1450 763 ejus
1472 706 1653 762 puncta
1673 713 1760 762 per

403 775 709 824 reflexionem
722 776 789 823 ibi
807 776 1105 839 apparebunt
1117 777 1200 824 ubi
1214 782 1500 840 apparerent
1516 775 1566 822 in
1580 774 1760 823 visione

404 850 601 901 directa.
643 851 781 900 Alter
803 852 935 899 locus
955 859 1044 911 est,
1067 851 1151 900 ubi
1174 859 1390 901 extrema
1413 849 1589 913 objecti
1610 865 1761 914 punc-

402 932 453 973 ta
477 934 590 973 sunt
611 926 662 974 in
689 927 795 990 ipsa
824 927 1005 990 speculi
1028 926 1278 989 superficie
1297 943 1309 981 ;
1344 925 1481 983 alter,
1500 924 1584 972 ubi
1600 923 1761 973 radius

403 1001 617 1050 incidens
656 1002 707 1050 in
744 1003 990 1066 speculum
1025 1003 1084 1050 ab
1119 1018 1216 1050 uno
1258 1001 1434 1065 objecti
1469 1000 1676 1049 termino
1699 999 1762 1048 ad

403 1077 595 1124 oculum
618 1078 881 1126 reflectitur
915 1094 1002 1142 per
1035 1078 1254 1127 alterum.
1322 1076 1542 1139 Exempli
1574 1075 1759 1139 gratia:
1808 1072 1813 1077 ’

403 1152 465 1198 sit
496 1153 743 1215 speculum
767 1153 851 1216 (fig
874 1155 922 1215 2)
945 1154 1039 1202 AB
1056 1154 1109 1213 C,
1129 1155 1265 1216 cujus
1283 1159 1504 1200 centrum
1526 1152 1586 1211 D,
1606 1152 1762 1217 sitque

404 1227 569 1275 oculus
591 1228 862 1291 ubicunque
886 1228 936 1276 in
958 1229 1013 1276 E.
1081 1229 1292 1276 Ponatur
1321 1227 1492 1291 primo,
1518 1227 1762 1292 objectum

404 1317 505 1350 esse
528 1302 573 1349 A
588 1302 640 1362 C,
666 1304 801 1366 cujus
824 1303 1017 1351 termini
1039 1303 1084 1351 A
1107 1310 1157 1351 et
1181 1303 1219 1350 C
1250 1302 1433 1351 suntin
1460 1303 1565 1367 ipsa
1582 1302 1763 1365 speculi

402 1378 666 1440 superficie,
692 1378 1023 1442 ducanturque
1045 1379 1152 1436 EA,
1175 1379 1215 1425 E
1232 1378 1285 1426 C.
1353 1377 1667 1426 Manifestum
1689 1385 1763 1426 est

402 1452 553 1502 videri
575 1454 620 1501 A
634 1454 750 1511 etC,
769 1454 866 1502 sive
887 1471 975 1518 per
988 1454 1295 1502 reflexionem
1310 1453 1408 1502 sive
1424 1470 1511 1517 per
1530 1452 1762 1502 directam

402 1528 648 1588 visionem,
673 1529 760 1576 sub
786 1529 955 1577 eodem
978 1530 1153 1592 angulo
1177 1529 1353 1577 visorio
1378 1529 1476 1576 AE
1492 1529 1545 1576 C.
1600 1529 1762 1578 Quare

403 1604 548 1652 etiam
570 1605 622 1652 in
643 1604 813 1652 iisdem
834 1606 951 1653 locis
974 1605 1267 1654 videbuntur
1290 1605 1334 1653 A
1369 1611 1417 1652 et
1441 1604 1494 1662 C,
1519 1604 1618 1654 sive
1640 1604 1762 1653 visio

402 1681 489 1727 fiat
509 1680 692 1728 directa
714 1685 812 1728 sive
834 1697 920 1743 per
942 1681 1265 1728 reflexionem.
1335 1680 1574 1738 Secundo,
1593 1679 1656 1727 sit
1678 1679 1762 1727 ob-

398 1757 582 1819 jectum
616 1758 652 1803 F
666 1757 708 1804 G
746 1757 815 1805 ita
846 1757 1070 1820 positum,
1094 1764 1150 1805 ut
1183 1755 1439 1803 incidentis
1462 1756 1498 1803 F
1514 1756 1562 1802 H
1585 1754 1764 1802 reflexa

406 1832 453 1878 H
468 1833 508 1879 E
531 1830 752 1880 transeat
777 1849 863 1896 per
884 1840 1120 1896 punctum
1144 1832 1213 1887 G;
1249 1832 1381 1890 item,
1405 1830 1660 1879 incidentis
1683 1829 1762 1879 GI

403 1907 582 1955 reflexa
605 1909 681 1956 IE
704 1915 916 1956 transeat
948 1925 1034 1972 per
1066 1908 1118 1956 F.
1187 1908 1244 1955 In
1278 1907 1371 1955 hoc
1411 1921 1600 1970 quoque
1632 1921 1762 1965 casu,

403 1991 583 2046 puncta
617 1983 659 2031 G
681 1990 729 2031 et
751 1985 787 2030 F
819 2000 906 2047 per
941 1984 1174 2031 directam
1206 1982 1440 2030 visionem
1473 1981 1763 2030 videbuntur

405 2059 491 2105 sub
515 2059 691 2122 angulo
716 2060 752 2106 F
766 2059 805 2107 E
821 2060 876 2119 G,
913 2067 1015 2107 tam
1048 2059 1099 2113 in
1124 2059 1307 2113 directa
1341 2074 1485 2120 quam
1513 2058 1564 2106 in
1585 2057 1763 2107 reflexa

404 2133 602 2182 visione.
674 2135 849 2193 Quare,
868 2135 1028 2183 animo
1051 2142 1237 2183 attento
1261 2134 1324 2184 ad
1338 2135 1595 2197 objectum,
1619 2149 1763 2196 appa-

317 2242 321 2245 ·
404 2215 514 2257 rent
537 2210 578 2257 G
602 2216 650 2257 et
673 2211 723 2269 F,
745 2210 843 2258 sive
861 2226 947 2273 per
977 2211 1288 2258 reflexionem
1322 2210 1420 2257 sive
1444 2208 1624 2256 directe
1646 2209 1762 2268 visa,

405 2284 456 2331 in
478 2285 592 2348 ipsis
615 2286 807 2348 punctis
831 2286 873 2333 G
906 2293 955 2333 et
977 2286 1028 2333 F.
1100 2285 1244 2334 Quod
1267 2285 1306 2333 si
1331 2285 1532 2333 ducatur
1548 2300 1635 2347 per
1653 2300 1763 2332 cen-

405 2367 535 2408 trum
570 2361 614 2409 D
654 2349 787 2408 recta
826 2361 1247 2424 quantulacunque
1289 2361 1334 2408 K
1349 2360 1393 2407 D
1408 2360 1462 2416 L,
1495 2358 1761 2408 incidentes

408 2435 451 2481 K
468 2436 537 2494 M,
573 2437 612 2483 L
627 2436 673 2483 N
707 2437 953 2484 habebunt
976 2437 1177 2483 reflexas
1201 2436 1240 2483 E
1257 2436 1326 2494 Μ,
1350 2436 1390 2482 Ε
1405 2435 1467 2491 Ν,
1492 2450 1598 2497 quae
1633 2451 1761 2483 seca-

404 2512 526 2559 bunt
550 2513 594 2560 K
610 2513 663 2570 L,
683 2512 901 2575 ideoque,
917 2512 956 2560 si
971 2512 1260 2559 ducerentur
1277 2512 1317 2559 B
1331 2511 1391 2569 K,
1417 2511 1456 2557 B
1475 2510 1529 2568 L,
1544 2517 1762 2559 secarent

404 2587 508 2634 illas
543 2587 669 2635 inter
693 2588 731 2634 B
756 2595 805 2635 et
829 2588 874 2635 K
894 2604 952 2635 ex
976 2602 1072 2634 una
1103 2594 1254 2650 parte,
1280 2594 1328 2634 et
1348 2586 1473 2633 inter
1496 2585 1536 2632 B
1559 2593 1608 2633 et
1630 2586 1670 2633 L
1701 2602 1761 2634 ex

406 2661 585 2709 altera:
621 2662 673 2709 id
709 2663 837 2726 quod
870 2662 1139 2710 notandum
1174 2661 1285 2709 duxi
1316 2667 1513 2724 propter
1544 2661 1761 2725 proposi-

406 2736 587 2783 tionem
616 2744 688 2785 12.

473 2817 520 2859 4.
555 2812 715 2860 Posito
740 2812 879 2860 oculo
903 2813 973 2860 ita
1005 2821 1062 2860 ut
1085 2820 1304 2861 centrum
1338 2811 1518 2874 speculi
1540 2811 1603 2860 sit
1635 2811 1763 2860 inter

407 2885 563 2949 ipsum
586 2893 636 2934 et
658 2888 837 2950 speculi
859 2888 1104 2948 verticem,
1123 2894 1173 2936 et
1186 2887 1245 2936 ab
1269 2886 1407 2936 oculo
1429 2885 1492 2934 ad
1514 2887 1762 2949 speculum
