1962 3242
627 248 698 281 DE
725 247 1094 282 NUTRITIONE.
1532 242 1561 283 3

167 359 429 410 nutritioni
469 359 696 408 idoneam
741 367 943 423 portant
983 359 1177 407 arteriae
1213 360 1457 409 earotides
1498 362 1562 409 ad
1612 384 1740 417 SECT,
1762 383 1813 417 η,

166 436 454 492 cerebrum3
490 435 622 484 unde
657 435 1010 483 transmittitur
1045 435 1206 483 colata
1241 451 1330 498 per
1365 452 1560 496 nervos,
1696 436 1724 467 ¹·
1799 481 1806 489 .

164 519 218 561 et
241 513 444 562 discissa
474 513 526 560 in
559 513 818 560 innumera
855 511 1181 559 minutissima
1215 511 1299 558 fila
1334 511 1392 559 fit
1430 528 1559 560 earo.
1619 529 1804 558 Numanae:

166 590 364 638 Interea
382 588 595 652 sanguis,
617 603 706 651 per
724 595 916 635 aortam
934 593 983 635 et
1000 587 1215 634 ramulos
1235 587 1339 650 ejus
1359 587 1409 634 in
1429 604 1561 636 mus—

165 665 302 714 culos
325 665 532 723 delatus,
557 680 756 712 carnem
774 665 878 727 jam
895 663 1078 711 factam
1100 663 1248 726 tingit
1271 663 1525 711 rubedine.

233 741 478 790 Praeterea
500 739 673 788 eodem
709 747 849 787 motu
884 739 1193 798 arteriarum,
1230 755 1327 803 quo
1365 740 1561 803 sanguis

164 817 217 865 in
240 816 487 865 musculos
511 815 745 875 defertur,
771 815 1003 863 saturatis
1038 815 1268 863 musculis
1293 815 1487 878 cogitur
1510 816 1561 864 111

165 889 317 940 venas
352 892 640 956 capillares;
677 898 728 939 et
762 907 825 939 ne
860 890 1079 954 pondere
1114 906 1203 938 suo
1227 891 1435 951 restitet,
1459 892 1560 939 val-

162 968 288 1016 vulis
330 968 628 1024 sustinetur;
670 967 991 1031 proceditque
1037 967 1102 1015 ad
1146 983 1322 1015 venam
1369 984 1557 1026 cavam,

159 1050 311 1108 atque
356 1043 471 1092 inde
513 1059 681 1092 rursus
722 1043 786 1091 ad
826 1060 928 1103 cor,
972 1050 1022 1091 et
1061 1044 1146 1102 ita,
1191 1050 1390 1107 recepto
1428 1060 1558 1092 novo

160 1119 322 1184 chylo,
340 1135 429 1183 per
448 1119 653 1167 arterias
676 1118 739 1166 ad
758 1119 1004 1167 musculos
1025 1118 1324 1167 oirculando.
1394 1119 1561 1183 Atque

159 1196 282 1255 haec,
319 1202 527 1259 excepto
564 1195 698 1258 quod
733 1195 913 1243 dicitur
948 1195 1008 1243 de
1043 1196 1362 1259 generatione
1401 1196 1560 1244 carnis

158 1278 248 1337 per
269 1283 462 1332 nervos,
500 1271 561 1320 de
598 1288 696 1336 quo
730 1272 934 1320 ulterius
970 1272 1332 1335 inquirendum,
1369 1273 1560 1336 experi-

158 1348 338 1397 mentis
362 1349 655 1396 confirmata
677 1355 806 1396 sunt.

228 1424 480 1475 Quamdiu
515 1424 712 1488 sanguis
736 1440 810 1483 ea,
837 1440 935 1487 qua
959 1423 1145 1472 dictum
1170 1432 1260 1483 est,
1297 1425 1378 1472 via
1402 1425 1559 1473 eircu-

159 1500 305 1561 latur,
352 1500 543 1549 tamdiu
588 1501 736 1549 homo
772 1500 908 1549 vivit.
980 1501 1231 1550 Quamdiu
1263 1509 1431 1549 autem
1475 1518 1559 1550 cor

138 1585 351 1626 .motum
388 1593 531 1626 suum
565 1577 762 1641 systolae
800 1583 850 1625 et
888 1577 1107 1626 diastolae
1139 1577 1338 1636 retinet,
1371 1578 1560 1626 tamdiu

160 1653 359 1718 sanguis
382 1653 664 1702 circulatur.
736 1653 836 1701 Sed
857 1653 990 1701 unde
1023 1653 1174 1702 habet
1204 1662 1393 1702 motum
1422 1654 1560 1702 illum

160 1729 282 1778 cor?
316 1730 363 1778 A
379 1737 521 1778 motu
538 1729 703 1793 aliquo
722 1729 775 1777 in
794 1729 1046 1792 sanguine,
1068 1745 1131 1777 an
1151 1730 1349 1794 sanguis
1368 1737 1560 1778 motum

150 1818 304 1854 'suum
337 1805 488 1854 habet
511 1821 541 1853 a
563 1804 745 1863 corde?
818 1805 1028 1853 Constat
1062 1805 1317 1865 infantem,
1354 1806 1472 1854 dum
1506 1807 1558 1854 in

158 1888 302 1930 utero
326 1887 402 1930 est
422 1880 610 1940 matris,
635 1887 824 1929 motum
843 1881 1004 1928 cordis
1028 1881 1210 1930 habere
1233 1899 1264 1930 a
1285 1889 1425 1930 motu
1448 1899 1558 1931 san-

157 1957 320 2021 guinis
342 1957 569 2016 materni,
595 1964 645 2005 et
666 1957 818 2005 vitam
841 1973 872 2005 a
893 1957 995 2005 vita
1016 1958 1188 2006 matris
1219 1958 1297 2006 cui
1321 1959 1556 2008 adhaeret.

159 2033 481 2082 Manifestum
527 2033 676 2081 etiam
717 2040 806 2091 est,
847 2049 960 2081 eum
1007 2050 1067 2081 ex
1113 2042 1255 2083 utero
1297 2035 1472 2083 exierit
1509 2042 1559 2083 et

156 2125 323 2158 aerem
357 2109 508 2159 semel
537 2109 772 2168 hauserit,
806 2125 907 2158 non
935 2126 1080 2173 posse
1114 2117 1286 2173 postea
1317 2111 1420 2159 sine
1444 2127 1557 2159 aere

156 2185 337 2234 vivere.
409 2185 642 2249 Sequitur
665 2201 783 2249 ergo
806 2186 974 2245 vitam,
994 2186 1046 2234 id
1070 2195 1161 2246 est,
1179 2194 1371 2235 motum
1395 2187 1557 2235 cordis

139 2260 436 2326 ‚dependere
471 2262 534 2310 ab
570 2277 698 2321 aere,
735 2269 784 2309 et
810 2262 1018 2325 proinde
1047 2279 1207 2310 aerem
1243 2264 1322 2311 vel
1354 2263 1554 2326 aliquid,

158 2336 294 2401 quod
316 2353 430 2386 cum
452 2353 567 2385 aere
601 2337 871 2396 imbibitur,
910 2354 1107 2386 causam
1131 2355 1235 2386 esse
1259 2346 1423 2387 motus
1449 2354 1557 2388 cor-

157 2413 248 2462 dis.
318 2414 570 2478 Quicquid
593 2421 759 2462 autem
782 2413 846 2462 sit
869 2413 922 2465 in
944 2430 1057 2462 aere
1095 2416 1228 2478 quod
1260 2431 1346 2464 eor
1376 2423 1556 2474 movet,

155 2505 357 2538 necesse
405 2498 482 2539 est
526 2498 584 2538 ut
629 2490 764 2554 prius
811 2499 1006 2538 moveat
1052 2492 1357 2555 sanguinem.
1428 2492 1558 2540 Nam

156 2564 362 2614 haustus
386 2581 471 2614 aer
489 2565 667 2614 transit
688 2581 777 2629 per
808 2566 1038 2615 arteriam
1061 2583 1286 2631 asperam
1309 2568 1361 2615 in
1384 2584 1559 2632 paren-

156 2641 335 2706 ehyma
356 2641 664 2706 pulmonum,
689 2657 780 2689 neo
805 2641 868 2689 ad
887 2658 974 2690 cor
996 2643 1254 2706 pervenire
1277 2651 1442 2707 potest
1460 2644 1558 2692 nisi

155 2716 310 2766 intret
339 2717 392 2766 in
429 2717 661 2766 arteriam
693 2733 941 2777 venosam,
976 2725 1026 2766 et
1062 2718 1133 2766 ita
1161 2719 1378 2768 secundo
1411 2737 1558 2769 cursu

155 2793 408 2858 sanguinis
445 2793 511 2842 ad
548 2809 634 2842 eor
673 2793 936 2841 deferatur.
1009 2794 1184 2857 Itaque
1224 2795 1291 2854 id,
1336 2796 1470 2860 quod
1505 2797 1557 2844 in

155 2874 268 2919 aere
320 2870 533 2920 existens
570 2863 777 2919 'motum
830 2886 972 2917 suum
1020 2871 1257 2934 sanguini*
1302 2871 1555 2936 imprimit,

1328 2963 1360 2995 Β
1382 2958 1401 2987 2
