2020 3262
0 2607 9 2637 5

0 2865 7 2891 p

539 266 610 300 DE
637 253 875 299 ori-rcus
902 263 1317 296 lMPERANTIUM.
1524 253 1613 296 301

231 390 382 436 mum,
405 383 463 424 ut
486 377 549 426 sit
569 378 655 441 qui
678 377 895 426 omnium
918 385 1109 434 eorum,
1127 375 1215 438 qui'
1234 374 1421 422 civitati
1444 389 1622 422 nocere
1662 395 1790 428 SEcT,
1808 395 1876 428 m,

231 458 449 514 possunt,
474 461 712 517 quantum
728 453 835 501 fieri
850 458 1030 516 potest,
1056 450 1258 499 consilia
1281 457 1331 496 et
1353 459 1514 496 motus
1539 466 1623 497 ex-
1754 447 1803 477 ¹3·

222 525 400 590 ploret
423 535 474 576 et
487 529 810 594 proesentiat.
888 528 1014 576 Sunt
1033 527 1164 575 enim
1178 525 1247 573 ibi
1271 524 1624 589 exploratores

231 601 296 649 ad
317 618 416 663 eos,
442 604 526 668 qui
549 620 791 653 summum
823 604 1082 668 imperium
1110 601 1470 659 administrant,
1494 599 1624 647 idem

233 678 365 740 quod
399 679 525 727 radii
551 680 674 728 lucis
711 680 775 729 ad
801 680 1014 728 animam
1035 679 1316 727 humanam.
1385 675 1550 738 Atque
1573 676 1624 722 in

230 753 416 802 visione
437 755 652 817 politica,
677 772 822 819 quam
845 756 897 803 in
930 754 1143 803 naturali
1176 752 1357 801 rectius
1393 750 1624 810 dicemus,

231 829 417 892 species
431 845 596 878 rerum
606 840 922 879 externarum
937 830 1185 879 sensibiles
1198 826 1626 891 intelligibilesque

232 904 297 952 ad
332 905 561 965 animam,
596 906 691 954 hoc
728 913 816 966 est,
852 922 934 954 eos
971 906 1054 969 qui
1089 920 1333 953 summum
1367 902 1627 966 imperium

231 979 444 1028 civitatis
477 981 837 1041 administrant,
879 983 940 1030 ab
979 982 1086 1030 aliis
1124 997 1223 1029 non
1264 979 1628 1028 animadversas

192 1122 197 1125 μ
233 1071 323 1119 per
345 1071 508 1104 aerem
530 1057 880 1120 transportari3
917 1057 1126 1120 ideoque
1155 1072 1253 1104 non
1279 1055 1438 1103 minus
1461 1064 1628 1102 neces-

232 1130 347 1192 sarii
366 1138 486 1180 sunt
509 1131 573 1180 ad
590 1132 796 1180 salutem
831 1133 1058 1192 civ-itatis,
1084 1149 1230 1196 quam
1259 1131 1381 1180 lucis
1418 1130 1541 1179 radii
1566 1130 1629 1178 ad

229 1206 440 1268 salutem
475 1207 712 1256 hominis:
749 1208 827 1256 vel
853 1209 905 1256 -si
945 1217 1292 1272 comparentur
1339 1222 1628 1255 aranearum

231 1283 361 1343 telis,
388 1299 512 1347 quae,
550 1290 763 1332 extensae
794 1284 1109 1348 undiquaque
1152 1283 1477 1332 subtilissimis
1517 1282 1628 1339 filis,

231 1366 393 1407 motus
416 1365 642 1407 externos
677 1360 793 1424 ipsis
828 1360 962 1409 intus
996 1361 1047 1408 in
1083 1359 1355 1408 cavernulis
1390 1359 1489 1407 suis
1512 1358 1629 1406 resi-

234 1433 464 1482 dentibus
505 1434 814 1498 significant3
850 1452 951 1483 non
990 1436 1145 1499 magis
1177 1435 1212 1483 ii
1247 1434 1331 1498 qui
1367 1434 1626 1497 imperant,

229 1508 352 1573 quid
374 1509 439 1557 ad
461 1510 768 1560 subditorum
803 1526 1001 1558 suorum
1032 1510 1366 1559 defensionem
1389 1510 1627 1572 imperato

228 1601 355 1649 opus
390 1592 480 1645 est,
515 1586 620 1634 sine
654 1586 1077 1652 exploratoribuS,
1114 1603 1261 1650 quam
1295 1586 1391 1634 illae
1433 1585 1628 1648 quando

230 1662 510 1711 exeundum
544 1669 597 1711 et
637 1679 733 1726 quo
774 1663 1129 1711 accurrendum
1154 1662 1237 1722 sit,
1263 1662 1369 1710 sine
1400 1661 1495 1709 filis
1527 1661 1628 1709 suis

228 1738 359 1786 scire
381 1746 600 1802 possunt.

301 1819 348 1862 8.
384 1814 574 1862 Deinde
597 1813 661 1862 ad
685 1814 1015 1862 defensionem
1051 1814 1220 1878 populi
1250 1814 1517 1877 requiritur
1544 1829 1631 1861 ne-
1648 1825 1871 1877 Militpsarma,

231 1890 445 1938 cessario
467 1897 523 1938 ut
541 1890 640 1938 sint
661 1890 970 1955 proemum'ti.
1041 1889 1328 1938 P-raemuniri
1351 1896 1516 1937 autem
1539 1895 1626 1948 est,
1645 1871 1888 1951 ἷζῖἔῖἀᾲῗῆξξξῖ

235 1965 487 2024 militibus,
517 1965 684 2023 armis,
719 1965 887 2024 classe,
933 1965 1326 2030 propugnaculis,
1364 1973 1627 2028 antequam
1644 1957 1725 2034 ξζξζῗ
1738 1958 1901 2030 ξζζζζᾞ·

232 2041 384 2090 instet
405 2041 692 2106 periculum,
718 2042 1028 2105 comparatis,
1054 2049 1103 2090 et
1138 2042 1348 2106 pecunia
1365 2043 1469 2105 jam
1494 2058 1627 2089 com-
1643 2044 1871 2116 {ig-ffissfflmad

233 2124 430 2182 portata
467 2117 657 2165 instrui.
740 2117 868 2165 Nam
908 2117 1087 2166 milites
1124 2117 1449 2177 conscribere,
1492 2133 1629 2166 arma
1644 2130 1754 2168 populi-

235 2193 543 2258 conquirere,
567 2201 679 2257 post
702 2201 953 2257 acceptam
987 2194 1192 2254 cladem,
1219 2194 1259 2242 si
1282 2211 1382 2242 non
1405 2194 1627 2258 impossi-

234 2269 348 2329 bile,
374 2270 546 2318 saltem
577 2286 738 2318 serum
765 2277 854 2318 est.
926 2270 1160 2319 Similiter
1182 2271 1554 2334 propugnacula
1576 2278 1628 2319 et

231 2345 463 2408 praesidia
479 2362 578 2394 non
597 2354 712 2393 ante
724 2345 844 2394 locis
859 2347 1144 2410 opportunis
1165 2347 1464 2395 constituere
1480 2363 1627 2410 quam

234 2421 357 2469 fines
396 2421 706 2480 invadantur,
745 2422 902 2470 simile
941 2429 1014 2470 est
1054 2423 1367 2480 rusticorum,
1405 2429 1463 2469 ut
1500 2422 1628 2470 vdixit

236 2497 607 2556 Demosthenes,
632 2497 731 2560 qui,
756 2497 915 2560 ignari
938 2498 1057 2546 artis
1090 2498 1411 2562 gladiatoriae,
1434 2498 1496 2545 ab
1529 2515 1628 2547 una

234 2581 378 2637 parte
419 2573 637 2636 corporis
679 2573 742 2620 ad
783 2573 944 2632 aliam,
983 2573 1162 2622 ictibus
1201 2573 1394 2632 moniti,
1430 2573 1626 2638 clypeos

232 2649 552 2698 transfer-unt.
608 2649 707 2698 Qui
720 2665 835 2697 vero
859 2650 1115 2713 pecuniam
1132 2649 1195 2697 ad
1212 2649 1390 2698 milites
1408 2649 1624 2709 alendos,

235 2735 290 2773 et
308 2732 510 2774 caeteras
528 2725 829 2773 exercituum
847 2725 1105 2789 impensas,
1126 2733 1243 2773 tunc
1261 2725 1490 2788 imperari
1509 2725 1626 2774 satis

233 2809 512 2864 opportune
538 2808 730 2865 putant,
761 2801 954 2864 quando
982 2802 1252 2864 periculum
1275 2801 1448 2864 incipit
1477 2818 1624 2865 appa—

236 2890 361 2936 rere,
372 2912 375 2915 ,
385 2877 455 2926 illi
471 2885 606 2926 certe
622 2894 724 2926 non
739 2877 1052 2927 considerant
1072 2894 1217 2941 quam
1236 2877 1431 2926 difficile
1447 2878 1510 2927 sit
1523 2885 1624 2927 tam
