1962 3242
618 296 794 330 INDEX
825 299 1069 333 CAPITUM
1098 302 1249 335 LIBRI
1280 303 1349 334 DE
1379 303 1524 336 CIVE.

841 464 916 489 SUB
946 464 1103 490 TITULO
1134 465 1313 492 IMPERII·

352 529 415 547 CAV.
1730 534 1798 555 PAG-

376 581 414 617 5.
442 578 504 616 De
524 579 657 617 Causis
676 585 714 617 et
733 580 989 618 Generatione
1009 581 1181 619 Civitatis
1314 605 1328 612 -
1435 606 1449 612 -
1555 606 1571 614 -
1677 605 1692 613 -
1717 586 1798 624 209

375 651 415 686 6.
441 647 503 686 De
521 649 615 686 Jure
635 648 726 698 ejus,
745 649 823 686 sive
839 649 998 687 Concilii
1017 649 1096 686 sive
1115 650 1294 688 Hominis
1308 652 1430 697 unius,
1445 653 1510 701 qui
1530 652 1567 689 in
1588 650 1692 689 Civi-

505 722 582 754 tate
601 716 688 754 cum
707 730 854 754 summa
873 718 1064 756 Potestate
1083 724 1140 756 est
1193 741 1208 748 —
1312 741 1330 749 ·
1434 743 1449 750 -
1555 743 1570 751 -
1676 743 1692 751 -
1718 723 1796 762 216

375 786 411 827 7.
439 785 500 824 De
518 787 640 823 tribus
668 785 876 824 Civitatum
905 786 1124 837 Speciebus,
1151 787 1408 836 Democratia,
1427 790 1690 837 Aristocratia‚
1737 811 1739 813 ·

504 855 732 893 Monarchia
827 878 841 886 -
949 878 965 885 -
1070 879 1085 885 -
1191 879 1207 887 -
1313 880 1328 886 -
1433 881 1448 888 -
1554 881 1569 889 -
1673 882 1688 889 -
1716 862 1797 915 235

375 927 413 962 8.
440 923 502 962 De
520 925 615 963 Jure
634 924 888 963 Dominorum
907 926 945 962 in
967 926 1103 963 Servos
1188 949 1202 955 -
1308 949 1323 955 —
1429 949 1445 956 -
1551 948 1568 958 -
1674 950 1690 958 -
1716 931 1796 969 249

374 996 411 1032 9.
440 993 503 1030 De
520 993 546 1031 J
549 1006 615 1031 ure
634 993 840 1031 Parentum
859 995 896 1031 in
917 993 1089 1038 Liberos,
1107 1000 1146 1033 et
1164 995 1211 1032 de
1231 995 1367 1045 Regno
1387 995 1647 1034 Patrimoniali
1674 1017 1691 1026 -
1715 999 1794 1038 254

349 1063 410 1099 10.
441 1061 662 1111 Specierum
679 1063 793 1100 trium
823 1061 1007 1109 Civitatis,
1034 1064 1161 1113 quoad
1187 1065 1438 1110 incommoda,
1456 1065 1690 1115 singularum

503 1131 748 1182 Comparatio
826 1154 842 1161 -
948 1156 964 1162 -
1068 1156 1084 1164 -
1187 1156 1203 1163 -
1308 1156 1324 1164 -
1429 1155 1446 1165 -
1550 1155 1566 1164 ·
1672 1156 1688 1165 -
1713 1136 1794 1175 264·

350 1203 411 1238 11.
438 1200 545 1238 Loca
572 1207 610 1239 et
639 1201 826 1252 Exempla
851 1203 1058 1252 Scripturae
1088 1202 1214 1241 Sacrae
1239 1204 1286 1240 de
1317 1203 1412 1242 Jurc
1441 1203 1578 1254 Regni,
1603 1216 1691 1255 quae

502 1272 669 1309 secunda
686 1272 863 1310 videntur
880 1273 1079 1310 antedictis
1189 1295 1204 1302 -
1310 1295 1325 1301 -
1429 1295 1445 1303 -
1552 1296 1567 1303 -
1673 1295 1689 1304 -
1715 1275 1792 1315 278

348 1341 409 1377 12.
437 1338 500 1377 De
518 1340 652 1378 Causis
669 1342 826 1379 mternis
845 1341 1048 1380 Civitatem
1067 1342 1357 1380 dissolventibus
1432 1364 1447 1371 —
1552 1364 1571 1382 -.
1673 1365 1690 1372 -
1714 1345 1793 1382 284

348 1410 408 1447 13.
435 1407 498 1445 De
516 1408 664 1447 Officiis
681 1422 814 1447 eorum
832 1411 899 1460 qui
913 1423 1102 1448 summum
1121 1411 1329 1460 Imperium
1347 1411 1610 1449 administrant
1671 1434 1687 1442 -
1714 1413 1792 1454 297

346 1479 407 1515 14.
434 1478 497 1516 De
514 1478 685 1529 Legibus
703 1485 741 1517 et
759 1479 932 1519 Peccatis
1063 1503 1078 1510 -
1184 1503 1198 1509 —
1303 1503 1319 1510 -
1425 1502 1442 1510 -
1548 1503 1564 1511 -
1671 1503 1688 1510 -
1714 1483 1786 1521 311

791 1628 867 1655 sus
897 1628 1053 1655 TlTULo
1083 1629 1338 1656 REL1G10N1s.

344 1702 404 1738 15.
431 1699 494 1737 De
513 1699 650 1750 Regno
668 1700 745 1738 Dei
762 1714 831 1751 per
850 1700 1036 1740 Naturam
1066 1725 1080 1732 -
1187 1724 1203 1732 -
1307 1725 1322 1732 -
1427 1725 1441 1732 -
1548 1725 1565 1733 -
1669 1725 1686 1734 -
1712 1707 1783 1743 331

344 1770 405 1807 16.
433 1768 495 1806 De
515 1768 650 1819 Regno
670 1770 745 1808 Dei
763 1784 832 1821 per
851 1771 1010 1810 Pactum
1032 1772 1152 1810 Vetus
1185 1794 1200 1802 -
1306 1795 1322 1801 —
1427 1795 1443 1803 -
1548 1795 1563 1803 -
1669 1795 1686 1803 -
1713 1776 1784 1813 351

344 1840 404 1879 17.
431 1838 493 1876 De
513 1839 649 1890 Regno
668 1841 743 1878 Dei
761 1854 830 1891 per
848 1842 1009 1880 Pactum
1029 1841 1183 1880 Novum
1303 1865 1318 1872 -
1424 1866 1439 1872 -
1543 1865 1560 1872 -
1670 1866 1686 1874 -
1713 1845 1791 1885 372

343 1909 403 1946 18.
431 1907 493 1945 De
513 1908 744 1948 Necessariis
762 1911 809 1948 ad
829 1911 1030 1950 Introitum
1051 1913 1088 1949 in
1110 1912 1287 1963 Regnum
1307 1913 1501 1952 Coelorum
1548 1935 1562 1942 —
1669 1935 1684 1943 -
1710 1916 1789 1952 414
1864 1910 1867 1915 ’
