2020 3262
492 270 564 305 nn
592 260 830 305 omens
856 260 1279 303 IMPERANTmM.
1486 255 1583 310 307

179 386 357 447 nempe
396 385 543 433 terrae
587 390 824 448 aquaeque
858 387 1139 447 proventus
1178 380 1433 430 naturalis
1447 400 1467 438 ,·
1510 389 1585 431 est
1623 400 1752 434 sacr.
1772 400 1843 434 111.

180 466 348 509 autem
370 464 422 509 et
445 467 690 525 quartum,
714 458 916 518 militia,
942 472 1052 522 quae
1083 472 1189 505 rem
1221 457 1403 506 civium
1434 474 1586 522 quan-

181 536 344 603 doque
366 540 530 603 auget,
549 538 726 603 saepius
749 551 865 585 vero
889 540 1141 584 attenuat·
1176 533 1342 620 priora
1361 534 1459 582 duo
1482 536 1586 583 sola
1603 550 1680 576 ,mes
1694 548 1743 576 1uc
1746 548 1821 576 rat,
1804 557 1848 576 ω

179 613 459 664 necessaria
480 622 612 664 sunt.
647 614 814 664 Potest
836 612 968 661 enim
991 611 1163 660 civitas
1185 610 1239 659 in
1253 610 1415 659 insula
1436 612 1584 659 maris
1602 594 1710 672 Ἶοῖξῗῗ
1724 601 1840 663 Ἑξα,

181 689 468 752 constituta,
491 696 593 741 non
627 692 814 756 majore
838 695 986 754 quam
1016 693 1074 737 ut
1095 686 1390 737 habitationi
1418 687 1617 736 locumc

181 772 403 830 praestet,
427 767 532 816 sine
569 772 804 826 semente,
827 765 933 815 sine
968 764 1234 830 piscatura,
1258 763 1363 812 sola
1396 779 1585 812 merca-

178 849 294 891 tura
316 849 368 891 et
402 841 610 908 opificiis
638 842 910 891 ditescere:
947 841 1036 890 sed
1067 855 1169 890 non
1201 843 1277 888 est
1299 839 1518 900 dubium,
1543 841 1584 888 si

179 917 396 968 habeant
417 918 739 979 territorium,
765 918 884 983 quin
921 917 1124 967 ditiores
1148 917 1322 966 eodem
1357 924 1582 976 numero,

178 994 259 1044 vel
272 1003 413 1060 aeque
429 988 605 1044 divites
622 996 811 1060 majore
825 1006 1032 1043 numero
1052 1008 1159 1043 esse
1176 993 1384 1059 possint.
1423 993 1584 1043 Quar-

177 1078 286 1121 tum
318 1079 500 1133 autem,
522 1072 756 1121 nimirum
788 1071 991 1130 militia,
1014 1071 1068 1119 in
1100 1074 1360 1119 numerum
1383 1069 1584 1134 quidem

179 1147 298 1198 olim
309 1147 446 1198 venit
459 1147 643 1197 artium
655 1147 1021 1207 lucrativarum,
1038 1147 1129 1196 sub
1143 1147 1343 1196 nomine
1358 1145 1584 1195 lestricoe
1615 1198 1618 1199 γ

179 1225 282 1275 sive
295 1216 648 1291 proedat‘oriae.
717 1224 784 1273 Et
805 1237 986 1289 genere
1009 1224 1242 1284 humano,
1262 1229 1378 1272 ante
1402 1223 1583 1271 consti-

177 1301 422 1350 tutionem
445 1299 702 1349 civitatum
736 1316 827 1365 per
858 1300 1069 1349 familias
1105 1299 1340 1364 disperso,
1360 1299 1496 1365 justa
1533 1306 1585 1347 et

176 1377 450 1443 honorifica
477 1377 648 1427 habita
684 1384 773 1426 est.
843 1377 932 1426 Est
969 1377 1101 1426 enim
1132 1375 1256 1425 nihil
1291 1375 1426 1424 aliud
1458 1391 1584 1439 prae-

177 1453 329 1514 datio,
355 1463 503 1519 quam
527 1454 661 1519 quod.
682 1454 847 1519 parvis
871 1454 1026 1519 copiis
1049 1454 1240 1518 geritur
1260 1452 1461 1501 bellum.
1520 1451 1584 1500 Et

175 1538 369 1596 magnae
383 1530 623 1592 civitates,
636 1531 932 1580 nominatim
947 1531 1172 1579 Romana
1185 1531 1236 1579 et
1250 1528 1582 1589 Atheniensis,

176 1606 344 1671 spoliis
355 1607 487 1667 belli,
504 1607 830 1672 vectigalibus
848 1607 1080 1667 externis,
1098 1613 1150 1655 et
1168 1604 1419 1654 territorio
1435 1606 1583 1653 armis

176 1683 436 1748 acquisito,
459 1683 533 1733 ita
554 1684 818 1748 aliquando
854 1683 1210 1748 rempublicam
1245 1687 1504 1741 auxerunt,
1527 1688 1585 1731 ut

176 1761 482 1810 tenuioribus
519 1760 706 1810 civibus
747 1776 851 1810 non
894 1759 1044 1809 modo
1090 1759 1277 1808 nullam
1321 1758 1583 1826 pecuniam

176 1835 427 1901 publicam
449 1837 755 1902 imperarint,
781 1836 868 1885 sed
899 1836 1048 1885 etiam
1070 1836 1331 1901 pecuniam
1355 1843 1407 1886 et
1436 1851 1582 1900 agros

176 1912 364 1961 viritim
408 1912 679 1962 diviserint.
751 1912 1051 1976 Hujusmodi
1091 1920 1259 1962 autem
1297 1912 1582 1963 divitiarum

176 1988 484 2038 incrementa
505 1989 558 2038 in
580 1990 798 2038 rationes
821 1989 1022 2039 minime
1044 1989 1305 2039 referenda
1327 1997 1458 2039 sunt.
1493 1990 1583 2038 Est

178 2066 326 2126 enim,
351 2065 486 2130 quod
520 2066 585 2115 ad
623 2066 817 2115 lucrum
849 2073 1055 2132 spectat,
1085 2066 1262 2117 militia
1296 2068 1425 2117 sicut
1459 2066 1583 2125 alea,

178 2151 276 2205 qua
297 2140 498 2207 plurimi
520 2159 627 2191 rem
650 2159 789 2192 suam
812 2143 1127 2205 labefactant,
1160 2144 1444 2209 paucissimi
1478 2159 1582 2193 am-

175 2218 386 2283 pliorem
408 2218 638 2268 reddunt.
691 2220 820 2268 Cum
844 2236 962 2285 ergo
986 2220 1084 2270 tria
1105 2227 1301 2270 tantum
1323 2221 1437 2282 sint,
1452 2231 1584 2287 pro-

177 2296 352 2343 ventus
381 2301 533 2345 terra>
571 2303 624 2345 et
658 2313 815 2362 aquoe,
840 2296 1002 2358 labor,
1027 2305 1079 2346 et
1107 2298 1446 2363 parsimonia,
1472 2314 1584 2362 quae

178 2371 464 2420 conducunt
481 2372 546 2421 ad
570 2372 751 2422 civium
773 2373 1223 2438 locupletationem,
1242 2374 1375 2423 circa
1391 2391 1451 2423 ea
1473 2380 1583 2423 tan-

175 2454 286 2497 tum
306 2448 585 2498 versabitur
607 2448 823 2498 officium
844 2449 1206 2514 imperantium.
1265 2448 1346 2500 Ad
1368 2451 1584 2516 primum

177 2524 324 2574 utiles
347 2532 494 2574 erunt
515 2526 665 2590 legeS,
691 2543 802 2591 quae
824 2527 992 2576 favent
1022 2529 1211 2577 artibus
1236 2528 1413 2593 quibus
1436 2535 1584 2576 terrae

178 2604 230 2650 et
250 2617 394 2666 aquae
415 2609 684 2667 proventus
706 2603 978 2653 reddantur
991 2604 1218 2654 meliores
1236 2627 1248 2662 ;
1285 2604 1452 2669 quales
1471 2610 1586 2653 sunt

178 2677 505 2744 agricultura
551 2686 602 2728 et
639 2679 932 2746 piscatura.
1004 2677 1085 2729 Ad
1131 2680 1401 2730 secundum
1436 2679 1583 2729 utiles

179 2759 296 2803 sunt
324 2754 459 2821 leges
483 2770 668 2818 omneS,
707 2757 883 2821 quibus
919 2757 1116 2821 ignavia
1147 2758 1482 2822 prohibeatur,
1507 2758 1583 2806 in-

180 2829 367 2882 dustria
397 2832 657 2895 excitetur,
682 2850 775 2883 ανδ·
810 2834 1109 2899 navigandi,
1133 2849 1223 2899 per
1259 2851 1407 2900 quam
1449 2847 1583 2884 com-

1366 2925 1407 2960 X
1430 2936 1451 2967 2

1602 681 1792 707 crcoeeantur
