1994 3256
184 410 311 442 SECT.
334 411 382 442 ΙΙ.

268 462 295 491 1.

168 1293 193 1321 G
198 1295 371 1322 eneratione.

430 269 460 309 6
951 280 1022 314 DE
1050 281 1291 314 HOMINE.

430 388 493 436 ad
530 404 762 436 venarum
797 390 991 438 interna
1024 398 1190 453 pateat
1225 390 1401 448 aditus,
1442 388 1556 436 inde
1595 390 1811 454 incipere

429 471 592 527 potest
609 479 836 511 vasorum
855 465 1165 523 exulceratio,
1190 466 1313 513 utin
1332 465 1410 511 lue
1428 480 1652 521 venerea,
1671 465 1811 514 initio

429 539 558 586 facto
583 554 613 586 a
635 547 800 587 meatu
823 540 1054 599 urinario,
1086 541 1303 603 prorepit
1326 555 1568 587 venenum
1590 555 1678 602 per
1700 555 1811 588 ure-

429 621 573 673 teres,
608 630 766 673 renes,
803 631 950 663 venas
981 616 1282 678 emulgentes
1312 623 1361 662 et
1393 631 1561 662 cavam
1592 615 1806 664 secundo

430 691 665 753 sanguine
688 691 752 739 ad
775 708 874 750 cor,
900 699 949 739 et
966 692 1079 739 inde
1097 708 1185 755 per
1203 692 1405 739 arterias
1423 691 1473 738 in
1492 691 1708 753 corporis
1725 691 1811 739 ha-

429 767 601 814 bitum.
666 767 852 815 Eodem
870 767 1015 815 modo
1032 769 1158 815 fiunt
1174 767 1330 814 morbi
1349 774 1397 813 et
1414 773 1595 813 mortes
1612 771 1814 828 propter

430 842 811 890 obstructionem
846 843 1061 890 materiae
1097 859 1205 906 quae
1241 842 1455 889 defertur
1494 857 1581 904 per
1619 856 1812 888 nervos.

432 917 651 980 Cumque
675 918 781 965 aliae
804 918 971 965 multae
1004 918 1101 965 sint
1130 917 1302 965 mortis
1326 924 1376 964 et
1400 917 1680 964 morborum
1703 915 1811 975 viae,

430 993 647 1040 omnium
683 1000 848 1040 tamen
879 1009 1031 1040 unum
1065 1001 1140 1040 est
1171 1008 1307 1055 opus,
1333 1000 1390 1039 ut
1414 991 1699 1054 sanguinem
1723 991 1810 1039 sis-

428 1075 554 1126 tant,
593 1068 669 1115 vel
709 1067 1037 1131 intercipiant,
1080 1067 1155 1114 vel
1193 1066 1496 1123 exhauriant,
1535 1066 1612 1113 vel
1648 1066 1812 1128 aliquo

428 1143 573 1190 modo
597 1143 864 1206 impediant
885 1164 896 1198 ;
933 1143 994 1190 de
1019 1143 1192 1206 quibus
1216 1143 1370 1190 fusius
1395 1142 1556 1189 dicere
1574 1141 1811 1205 professio

431 1226 503 1264 est
526 1218 843 1266 medicorum.

496 1298 542 1339 4.
581 1293 729 1341 Quod
746 1292 809 1340 ad
826 1293 1191 1355 generationem
1204 1292 1414 1340 hominis
1430 1292 1621 1350 attinet,
1638 1291 1811 1340 eodem

429 1367 531 1414 fere
555 1367 700 1415 modo
724 1368 946 1431 procedit
970 1384 1066 1431 quo
1083 1367 1333 1431 generatio
1350 1367 1643 1430 plantarum.
1702 1368 1811 1415 Ma-

429 1442 553 1489 teria
585 1442 860 1504 plantarum
895 1450 967 1490 est
1000 1443 1106 1505 ipsa
1139 1450 1284 1501 terra,
1321 1458 1466 1504 quam
1500 1442 1661 1489 calore
1698 1457 1812 1489 evo-

429 1523 589 1564 catam
612 1517 791 1564 format
820 1524 982 1565 motus
1014 1517 1210 1566 seminis
1242 1517 1495 1580 specificus
1519 1517 1570 1564 in
1592 1517 1812 1579 plantam

405 1592 611 1656 proprii
634 1592 842 1655 generis.
914 1592 1146 1639 Similiter
1169 1593 1220 1639 in
1244 1592 1559 1654 generatione
1581 1591 1809 1650 hominis,

427 1667 632 1715 materia
653 1667 800 1715 foetus
826 1673 900 1714 est
924 1668 1121 1730 sanguis
1155 1673 1418 1726 maternus,
1455 1683 1599 1729 quem
1628 1666 1809 1715 utrius-

427 1759 520 1806 que
544 1742 762 1805 parentis
792 1742 967 1789 humor
1000 1741 1246 1804 prolificus
1270 1749 1432 1788 movet
1455 1741 1733 1804 formatque
1755 1742 1809 1790 in

426 1818 637 1880 speciem
669 1818 946 1865 humanam.
1018 1816 1278 1874 Nimirum,
1316 1815 1652 1879 reciprocante
1675 1831 1810 1864 serra

426 1893 605 1940 amoris
628 1894 686 1940 fit
708 1892 1039 1951 fermentatio,
1071 1899 1120 1939 et
1149 1891 1264 1939 inde
1297 1907 1525 1939 vasorum
1559 1890 1808 1949 distentio,

426 1976 476 2015 et
498 1968 716 2015 humoris
739 1967 947 2030 prolifici
972 1967 1164 2030 eruptio
1190 1975 1239 2014 et
1262 1967 1313 2014 in
1338 1967 1497 2014 sulcos
1522 1966 1613 2014 soli
1635 1965 1807 2014 mulie-

424 2043 522 2090 bris
540 2043 762 2101 intrusio,
778 2043 862 2089 ubi
880 2043 1166 2105 sanguinem
1183 2042 1417 2105 paulatim
1433 2041 1807 2089 descendentem

425 2125 564 2166 motu
588 2134 675 2165 suo
699 2118 924 2180 specifico
949 2117 1130 2164 format
1153 2117 1204 2163 in
1227 2116 1485 2164 hominem.

493 2195 687 2240 Possem
710 2193 816 2240 haec
840 2193 1072 2240 minutius
1097 2192 1354 2255 explicare,
1377 2191 1472 2239 nisi
1489 2189 1807 2238 instituissem

426 2286 524 2317 non
563 2278 665 2317 tam
706 2269 921 2332 corporis
962 2284 1107 2331 quam
1147 2268 1322 2315 animae
1358 2266 1615 2314 facultates
1651 2265 1808 2313 inves-

426 2345 598 2407 tigare.
668 2344 842 2406 Itaque
866 2344 928 2390 ad
953 2359 1121 2390 sensus
1139 2343 1351 2405 procedo
1371 2361 1381 2389 :
1419 2341 1535 2389 satis
1559 2341 1742 2388 habens
1765 2341 1807 2388 si

426 2419 704 2482 hujusmodi
728 2435 805 2466 res
829 2419 1039 2481 attigero
1065 2425 1272 2476 tantum,
1292 2417 1481 2480 plenius
1499 2422 1662 2462 autem
1680 2422 1807 2463 trac-

427 2495 600 2542 tandas
624 2494 729 2541 aliis
753 2494 996 2557 reliquero
1018 2515 1029 2548 ;
1068 2494 1165 2556 qui,
1193 2493 1233 2540 si
1251 2492 1499 2540 machinas
1516 2505 1683 2538 omnes
1700 2496 1806 2537 tum

426 2570 752 2633 generationis
776 2576 882 2616 tum
904 2568 1186 2615 nutritionis
1211 2567 1328 2614 satis
1345 2565 1696 2629 perspexerint,
1714 2580 1807 2611 nec

426 2654 589 2693 tamen
613 2662 693 2692 eas
718 2662 747 2692 a
769 2652 932 2692 mente
956 2645 1118 2706 aliqua
1137 2643 1358 2690 conditas
1379 2641 1724 2701 ordinatasque
1743 2639 1806 2686 ad

427 2738 512 2768 sua
531 2737 743 2783 quasque
762 2720 918 2767 officia
934 2719 1160 2777 viderint,
1181 2718 1270 2781 ipsi
1287 2716 1505 2780 profecto
1526 2715 1628 2763 sine
1643 2723 1807 2761 mente

429 2812 531 2843 esse
557 2796 784 2843 censendi
810 2803 935 2843 sunt.
