2020 3262
459 223 554 265 348
1023 236 1266 270 immolo.

198 364 326 397 SECT.
347 365 414 398 111.
458 345 632 404 Deum,
657 346 887 409 quicquid
910 347 1131 410 imperat,
1156 364 1243 410 per
1261 349 1364 411 ejus
1387 365 1558 397 vocem
1581 350 1838 414 imperare:

211 461 218 471 ,
284 416 334 447 ¹⁵·
396 462 402 470 ,
458 427 508 467 et
554 437 580 468 e
627 438 876 482 converso,
924 423 1056 486 quod
1095 424 1154 470 ab
1201 424 1260 470 iis
1307 423 1574 486 imperatur
1615 434 1666 473 et
1711 427 1841 475 circa

457 494 656 543 modum
690 496 963 546 honorandi
998 499 1154 546 Deum
1187 506 1236 546 et
1264 498 1395 546 circa
1418 500 1667 560 secularia,
1691 501 1840 565 impe-

457 570 556 617 rari
574 587 603 618 a
626 571 747 620 Deo.

172 651 383 725 Dffiiffiiffi
402 699 439 726 m
529 651 602 694 18.
639 647 697 694 In
720 647 1017 695 contrarium
1045 655 1209 695 autem
1237 648 1541 711 interrogare
1571 649 1677 713 quis
1699 659 1840 714 pote-

172 703 192 732 q
384 706 401 725 Β
455 719 536 779 rit,
576 721 749 784 primo,
791 739 854 770 an
889 739 989 770 non
1025 731 1255 787 sequatur
1295 723 1620 772 obediendum
1652 725 1839 774 civitati

455 811 573 853 esse,
599 797 639 845 si
664 797 847 846 directe
875 798 1083 862 imperat
1117 800 1276 846 Deum
1311 800 1606 848 contumelia
1629 801 1836 860 afficere,

451 871 529 918 vel
551 872 806 935 prohibeat
830 873 1002 921 colere.
1073 874 1211 933 Dico,
1235 890 1335 922 non
1367 875 1518 937 sequi,
1542 891 1701 938 neque
1733 891 1838 924 esse

453 946 792 995 obediendum.
862 948 991 996 Nam
1033 949 1328 996 contumelia
1367 950 1572 1008 afficere,
1613 956 1700 997 aut
1735 966 1836 998 non
1997 938 2020 1004 ξ

452 1022 650 1069 omnino
676 1023 849 1081 colere,
881 1039 910 1070 a
933 1023 1125 1070 nemine
1149 1023 1357 1086 intelligi
1374 1031 1536 1086 potest
1561 1040 1651 1087 pro
1687 1025 1835 1073 modo
1993 1014 2020 1095 ἐξ

451 1097 658 1145 colendi.
728 1099 900 1161 Neque
933 1099 1080 1146 etiam
1102 1100 1274 1146 habuit
1299 1100 1553 1162 quisquam
1577 1107 1690 1148 ante
1715 1100 1833 1148 civi·
1897 1126 1900 1129 ·
2002 1095 2020 1158 ξ

449 1177 601 1219 tatem
626 1173 957 1231 constitutam,
982 1189 1149 1221 eorum
1169 1174 1252 1237 qui
1275 1174 1437 1221 Deum
1455 1190 1660 1237 regnare
1684 1191 1835 1238 agno-
2004 1178 2020 1236 ῥ’,

448 1253 638 1305 verunt,
669 1249 749 1310 jus
782 1249 995 1310 negandi
1031 1250 1266 1296 honorem
1300 1249 1392 1310 ipsi
1426 1249 1539 1295 inde
1577 1249 1825 1298 debitum:
1998 1247 2018 1282 ’ἕ

447 1337 606 1384 neque
632 1338 749 1385 ergo
769 1323 848 1385 jus
883 1323 1001 1370 talia
1030 1323 1301 1386 imperandi
1324 1323 1374 1370 in
1398 1323 1647 1371 civitatem
1670 1331 1833 1373 trans-

446 1394 574 1443 ferre
597 1397 772 1459 potuit.
841 1397 1045 1456 Deinde,
1070 1398 1109 1444 si
1133 1405 1394 1460 quaeratur,
1415 1414 1478 1445 an
1503 1399 1831 1447 obediendum

448 1471 633 1519 civitati
667 1472 745 1530 sit,
782 1472 822 1520 si
855 1473 1061 1535 imperet
1094 1473 1277 1535 aliquid
1312 1473 1407 1520 dici
1439 1474 1517 1520 vel
1550 1474 1671 1533 fieri,
1697 1474 1828 1537 quod

446 1563 548 1594 non
581 1553 656 1594 est
693 1547 876 1595 directe
910 1548 963 1594 in
997 1547 1089 1595 Dei
1124 1547 1483 1604 contumeliam,
1519 1548 1605 1595 sed
1639 1565 1699 1596 ex
1734 1565 1830 1612 quo

446 1637 535 1684 per
586 1623 1009 1670 ratiocinationem
1063 1623 1423 1685 consequentiae
1470 1624 1831 1673 contumeliosae

445 1705 649 1759 possunt
673 1698 881 1746 derivari
901 1719 913 1752 ;
948 1698 1100 1746 veluti
1123 1698 1164 1745 si
1187 1698 1465 1760 imperetur,
1491 1698 1647 1745 Deum
1671 1699 1830 1747 colere

446 1773 534 1820 sub
554 1773 782 1837 imagine,
809 1790 974 1821 coram
988 1773 1063 1832 iis,
1083 1773 1166 1836 qui
1184 1772 1233 1820 id
1257 1773 1363 1820 fieri
1386 1773 1707 1821 honorificum
1725 1789 1832 1822 esse

443 1854 648 1910 putant;
685 1856 818 1896 certe
852 1848 1155 1896 faciendum*
1181 1855 1272 1896 est.
1344 1848 1519 1896 Cultus
1544 1849 1674 1896 enim
1697 1849 1832 1898 insti-

496 1989 518 2010 *
540 1981 651 2018 Certe
658 1980 884 2030 faciendum
904 1982 992 2031 θεά]
1031 1981 1209 2019 Diximus
1229 1981 1362 2031 capitis
1380 1981 1574 2030 praesentis
1593 1982 1755 2020 articulo
1766 1981 1831 2020 de-

445 2041 545 2079 cimo
560 2048 708 2091 quarto,
724 2044 791 2092 qui
810 2042 896 2080 Deo
911 2043 1092 2080 terminos
1106 2043 1330 2087 attribuunt,
1343 2041 1469 2079 facere
1483 2054 1547 2079 eos
1562 2047 1695 2080 contra
1707 2043 1830 2092 legem

445 2102 492 2140 de
511 2103 616 2140 cultu
631 2103 707 2140 Dei
721 2104 943 2141 naturalem.
995 2104 1095 2148 Jam,
1111 2104 1177 2153 qui
1191 2103 1320 2140 Deum
1334 2103 1465 2140 colunt
1482 2103 1553 2140 sub
1564 2103 1740 2153 imagine,
1757 2110 1830 2141 ter·

444 2164 566 2201 minos
591 2164 645 2201 illi
672 2169 868 2210 statuunt3
902 2164 1047 2202 faciunt
1076 2176 1168 2213 ergo
1196 2163 1300 2214 quod
1331 2163 1549 2201 faciendum
1579 2176 1655 2201 non
1679 2169 1760 2211 est;
1791 2170 1830 2202 et

443 2225 549 2262 locus
577 2226 639 2263 hic
670 2226 787 2274 priori
815 2226 966 2263 videtur
994 2238 1074 2262 esse
1103 2226 1325 2262 contrarius.
1381 2224 1586 2262 Sciendum
1618 2225 1734 2274 igitur
1760 2230 1827 2270 est,

443 2286 579 2335 primo,
594 2299 668 2324 non
684 2286 779 2329 illos,
794 2287 861 2336 qui
879 2287 1037 2336 imperio
1053 2287 1174 2323 coacti
1189 2286 1244 2323 sic
1260 2285 1401 2329 colunt,
1417 2285 1503 2322 Deo
1517 2285 1695 2323 terminos
1712 2287 1827 2335 assig-

443 2360 546 2391 nare,
565 2348 631 2385 sed
651 2349 717 2397 qui
735 2348 934 2397 imperant.
987 2347 1088 2385 Nam
1103 2348 1168 2397 qui
1183 2347 1290 2384 inviti
1305 2346 1446 2391 colunt,
1461 2358 1593 2383 revera
1606 2346 1745 2391 colunt,
1760 2347 1825 2384 sed

444 2421 490 2446 eo
507 2410 545 2446 in
565 2410 650 2447 loco
664 2415 765 2447 stant
783 2410 841 2446 vel
861 2410 1129 2459 procumbunt,
1142 2410 1180 2446 in
1195 2421 1272 2458 quo
1287 2408 1372 2445 loco
1387 2413 1486 2444 stare
1504 2407 1563 2444 vel
1576 2407 1826 2456 procumbere

442 2482 466 2506 a
483 2470 653 2520 legitimo
671 2471 881 2520 imperante
894 2470 989 2520 jussi
1014 2476 1113 2507 sunt.
1168 2469 1356 2514 Secundo,
1376 2468 1592 2505 faciendum
1619 2480 1699 2505 esse
1726 2467 1824 2514 dico,

442 2543 518 2568 non
546 2544 695 2581 semper
722 2538 759 2569 et
786 2532 940 2581 ubique,
960 2532 1026 2569 sed
1052 2531 1248 2580 supposito
1276 2529 1417 2566 nullam
1443 2529 1554 2565 aliam
1577 2540 1656 2565 esse
1675 2528 1824 2566 colendi

443 2591 572 2629 Deum
590 2593 761 2642 regulam
779 2598 917 2643 praeter
931 2593 1136 2630 dictamina
1150 2592 1325 2628 humanae
1342 2590 1517 2632 rationis;
1542 2601 1630 2626 nam
1648 2595 1740 2627 tunc
1758 2602 1824 2627 vo-

442 2652 566 2690 luntas
585 2655 748 2691 civitatis
766 2666 835 2703 pro
854 2654 999 2691 ratione
1018 2658 1086 2691 est.
1134 2653 1189 2690 At
1204 2653 1241 2689 in
1258 2663 1375 2701 regno
1390 2650 1464 2688 Dei
1484 2662 1552 2699 per
1564 2654 1729 2699 paetum,
1743 2650 1823 2687 sive

443 2715 642 2763 antiquum
670 2715 749 2751 sive
776 2727 928 2759 novum,
954 2714 1021 2751 ubi
1048 2726 1224 2763 expresse
1256 2712 1477 2762 prohibetur
1504 2710 1726 2754 idololatria,
1751 2712 1822 2748 etsi
2000 2683 2020 2756 J}

444 2774 575 2812 civitas
593 2776 647 2813 sic
666 2776 790 2813 colere
802 2775 949 2825 jubeat,
968 2780 1094 2812 tamen
1113 2774 1330 2812 faciendum
1349 2785 1422 2810 non
1446 2776 1511 2809 est.
1567 2771 1664 2813 Quae
1681 2772 1712 2808 si
1731 2784 1821 2809 con·
2004 2767 2020 2833 ᾗ

442 2835 672 2882 sideraverit,
688 2839 754 2886 qui
768 2837 1056 2886 repugnantiam
1070 2836 1219 2885 putavit
1237 2847 1315 2871 esse
1326 2834 1490 2882 aliquam
1509 2832 1607 2869 inter
1619 2833 1821 2871 articulum

442 2896 544 2933 hunc
563 2903 601 2934 et
619 2898 808 2934 decimum
827 2902 1016 2946 quartum,
1036 2897 1088 2933 ita
1105 2902 1238 2945 putare
1257 2895 1412 2932 desinet.
2003 2899 2020 2983 ἦ
