1982 3256
625 249 694 281 DE
722 247 971 291 vlsmNE,
999 247 1117 281 Ero.
1503 235 1564 288 71·

243 359 501 419 Praeterea,
553 369 666 424 post
709 360 943 408 visionem
988 358 1232 407 redditam
1283 359 1376 406 hoc
1422 359 1567 407 modo
1616 381 1746 414 smyr,
1768 381 1819 413 Π,

178 443 416 499 quantum
435 435 540 484 fieri
557 443 720 499 potest
740 434 1144 493 confusissimam,
1163 441 1353 482 remoto
1373 435 1566 496 objecto
1707 434 1735 464 ⁸·
1810 477 1815 486 ‚

177 526 208 559 a
243 510 439 574 dioptro
479 511 638 559 adhuc
677 510 888 574 longius,
924 509 1171 557 videbitur
1210 524 1377 556 rursus
1413 510 1569 572 magis

177 586 430 650 magisque
454 587 697 643 distincte,
718 593 768 634 et
784 585 998 643 tandem,
1023 585 1217 632 inversa
1235 584 1432 648 quidem
1450 584 1569 632 ima-

177 662 307 726 gine,
333 661 710 720 distinctissime,
733 669 790 709 ut
812 677 926 708 mox
951 661 1127 708 clarius
1150 660 1486 724 explicabitur.

246 740 292 792 7.
329 737 522 807 Objecti
544 737 635 785 visi
657 753 746 801 per
770 736 1019 821 dioptrum
1047 752 1334 794 convexum,
1359 736 1570 799 imagine
1587 745 1701 795 Locqs·

177 813 384 872 inversa,
399 813 535 861 locus
553 828 792 876 apparens
807 812 1014 860 inveniri
1030 819 1208 875 potest,
1226 812 1262 859 si
1280 812 1426 860 modo
1442 813 1569 875 ejus-
1587 833 1616 859 (u
1585 797 1812 904 Ἑζῗωζηρῗη.

179 887 292 936 dem
306 889 486 952 objecti
499 888 635 936 locus
649 904 887 952 apparens
903 887 1126 935 daretur
1114 904 1167 935 m
1174 887 1358 935 visione
1367 884 1605 936 directa.
1622 884 1694 903 um
1707 884 1757 903 ων

248 964 323 1012 Sit
361 964 434 1026 (in
468 965 627 1027 figura
657 964 852 1027 quarta)
882 974 1108 1012 centrum
1139 964 1312 1012 retinae
1347 963 1408 1022 A,
1434 963 1568 1027 diop-

178 1045 313 1087 trum
349 1039 390 1087 Β
410 1039 464 1098 C,
498 1041 636 1103 cujus
671 1039 977 1102 superficiem
1010 1047 1269 1103 utramque
1304 1047 1437 1087 secet
1471 1039 1574 1087 axis

179 1115 372 1180 opticus
395 1116 440 1163 A
459 1115 504 1163 D
529 1115 581 1163 in
605 1116 644 1163 E
670 1122 720 1163 et
744 1116 795 1162 F.
865 1116 1088 1163 Ducatur
1111 1116 1172 1163 ab
1197 1115 1243 1163 A
1274 1115 1337 1163 ad
1372 1116 1575 1178 superfi-

180 1192 306 1240 ciem
330 1191 514 1256 dioptri
539 1192 579 1239 B
594 1192 632 1238 F
648 1191 686 1238 C
713 1198 849 1239 recta
870 1199 1122 1255 utcunque
1147 1192 1191 1239 A
1210 1191 1267 1249 G,
1293 1207 1403 1255 quae
1432 1193 1576 1254 juxta

1758 883 1837 902 81¹8ae-

179 1268 311 1332 leges
334 1267 644 1316 refractionis
678 1267 976 1331 refringatur
999 1267 1062 1315 ad
1091 1267 1397 1331 superficiem
1422 1267 1463 1314 B
1478 1267 1518 1314 E
1536 1267 1574 1314 C

178 1343 230 1392 in
256 1343 322 1402 H,
348 1350 398 1391 et
420 1359 588 1391 rursus
611 1343 912 1406 refringatur
934 1359 1021 1406 per
1046 1344 1150 1391 HI.
1207 1343 1455 1402 Similiter,
1486 1343 1575 1390 du-

180 1427 320 1468 catur
338 1427 586 1482 utcunque
606 1419 670 1466 ad
690 1419 996 1482 superficiem
1021 1419 1061 1466 B
1078 1420 1114 1466 F
1131 1419 1170 1466 C
1189 1419 1283 1467 alia
1301 1426 1437 1466 recta
1451 1419 1495 1466 A
1512 1420 1573 1477 Κ,

180 1509 296 1559 quae‘
323 1495 621 1558 refringatur
655 1495 718 1542 ad
754 1496 794 1542 L
817 1495 869 1542 in
898 1495 1153 1558 superficie
1190 1496 1285 1543 BE
1303 1495 1361 1554 C,
1386 1503 1438 1542 et
1460 1495 1574 1542 inde

178 1587 268 1636 per
290 1571 330 1620 L
347 1571 411 1618 N.
460 1571 523 1619 Et
546 1571 607 1618 ab
633 1571 654 1618 Ι
681 1570 892 1618 ducatur
916 1569 1018 1628 IN,
1045 1587 1214 1618 secans
1237 1571 1283 1619 A
1299 1571 1342 1618 D
1366 1587 1575 1634 perpen-

181 1647 465 1696 diculariter
482 1647 534 1694 in
552 1647 612 1705 O,
633 1654 682 1694 et
706 1647 746 1694 L
764 1647 811 1693 N
832 1647 882 1694 in
903 1647 949 1694 N
968 1668 979 1702 3
1004 1647 1404 1710 intelligaturque
1429 1647 1471 1694 O
1488 1647 1534 1694 N
1552 1647 1573 1694 I

181 1738 286 1770 esse
308 1722 469 1786 ipsum
492 1722 754 1785 objectum.
804 1722 954 1769 Porro
977 1721 1278 1784 producatur
1303 1722 1325 1769 I
1344 1722 1391 1770 H
1419 1721 1575 1770 donec

180 1805 330 1846 rectae
354 1798 397 1845 A
414 1797 466 1856 P,
488 1814 597 1860 quae
633 1798 696 1844 sit
731 1798 924 1860 objecto
950 1798 1035 1845 OI
1063 1798 1311 1861 parallela,
1349 1806 1577 1846 occurrat

181 1874 234 1922 in
253 1874 306 1932 P,
330 1881 380 1922 et
402 1873 702 1937 producatur
727 1874 774 1920 N
794 1874 834 1921 L
857 1873 1013 1921 donec
1039 1882 1266 1922 occurrat
1289 1874 1449 1922 eidem
1472 1875 1515 1921 A
1540 1875 1577 1922 P

180 1950 235 1998 in
259 1950 321 1999 Q.
381 1950 648 2008 Postremo,
673 1950 1012 2013 producantur
1034 1950 1079 1997 A
1098 1950 1154 2008 G,
1181 1952 1220 1996 A
1244 1950 1289 1997 K
1315 1950 1472 1998 donec
1496 1966 1577 1998 oc-

182 2033 385 2074 currant
402 2026 549 2074 rectis
570 2026 606 2073 P
624 2027 683 2084 O,
711 2026 758 2075 Q
776 2027 818 2074 O
838 2026 889 2074 in
906 2026 950 2073 R
970 2033 1018 2074 et
1041 2027 1089 2074 S.
1126 2026 1249 2074 Dico
1269 2026 1466 2074 ductam
1482 2026 1527 2073 R
1543 2027 1575 2074 S

181 2118 337 2166 usque
356 2102 420 2150 ad
443 2118 585 2149 axem
619 2102 671 2149 in
694 2102 750 2161 T,
775 2118 967 2165 nempe,
993 2102 1038 2149 R
1054 2102 1086 2150 S
1102 2103 1143 2150 T
1175 2118 1279 2150 esse
1312 2102 1577 2165 imaginem

179 2178 367 2242 objecti
402 2178 445 2226 O
465 2178 512 2225 Ν
533 2178 572 2234 Ι,
608 2178 660 2225 id
694 2186 785 2237 est,
829 2194 1063 2241 apparere
1103 2186 1343 2242 punctum
1384 2179 1427 2226 Ο
1446 2179 1498 2226 in
1516 2179 1576 2237 T,

183 2260 423 2317 punctum
447 2254 493 2301 N
519 2254 570 2301 in
595 2254 644 2313 S,
670 2262 720 2301 et
742 2261 979 2318 punctum
1004 2255 1026 2302 I
1051 2254 1102 2301 in
1128 2255 1186 2302 R.

254 2330 354 2378 Sed
397 2337 662 2393 antequam
709 2331 939 2378 accedam
986 2330 1050 2378 ad
1093 2330 1577 2389 demonstrationem,

183 2406 484 2470 'praemittam
509 2422 567 2454 ea
591 2423 700 2470 quae
724 2407 775 2454 in
806 2406 1086 2470 hujusmodi
1109 2407 1295 2454 visione
1319 2406 1382 2454 ad
1406 2407 1579 2455 clario-

183 2498 290 2530 rem
314 2482 386 2530 rei
410 2482 785 2545 explicationem
814 2482 1116 2530 observanda
1139 2490 1267 2530 sunt.

246 2559 479 2608 <Quorum
496 2559 708 2622 primum
728 2565 816 2617 est,
836 2558 968 2621 quod
991 2557 1032 2606 si
1056 2559 1301 2622 objectum
1325 2558 1407 2606 OI
1432 2557 1581 2606 collo-

183 2641 384 2683 caretur
415 2650 570 2698 prope
606 2634 869 2697 dioptrum,
894 2641 950 2681 ut
985 2633 1036 2680 in
1059 2634 1102 2680 V
1118 2634 1182 2692 X,
1204 2634 1273 2681 ita
1307 2642 1364 2681 ut
1396 2650 1426 2681 a
1447 2634 1581 2682 nullo

187 2711 292 2775 ejus
314 2718 500 2774 puncto
525 2710 688 2758 radius
720 2709 975 2773 pervenire
1006 2717 1168 2771 posset
1191 2708 1255 2756 ad
1277 2717 1513 2772 punctum
1537 2710 1583 2757 A

188 2802 249 2834 ex
272 2793 412 2850 parte
427 2786 467 2833 E
488 2785 543 2846 B,
564 2785 650 2833 sed
667 2792 861 2833 tantum
880 2801 940 2832 ex
959 2784 1114 2832 altera
1131 2793 1271 2848 parte
1289 2785 1329 2832 E
1347 2785 1402 2844 C,
1420 2786 1582 2850 imago

190 2864 294 2927 ejus
317 2879 417 2911 non
442 2862 634 2910 inversa
656 2861 742 2910 sed
765 2860 977 2909 naturali
1001 2860 1097 2908 sit'u
1121 2868 1392 2924 appareret,
