1994 3256
619 262 690 295 DE
707 259 1148 295 DISSOLUTIONE.
1546 250 1573 293 5

133 422 142 435 ‚
174 389 275 423 non
298 373 360 422 ab
384 388 498 422 aere
526 389 650 437 puro
686 372 787 421 sive
819 371 1019 430 aethere,
1063 370 1150 419 sed
1182 386 1243 418 ex
1276 371 1576 434 corpusculis

52 428 103 451 ⁹
174 448 228 498 in
268 449 376 513 ipso
414 448 721 498 fluitantibus
767 454 1058 510 motumque
1097 446 1394 494 habentibus
1441 446 1577 494 vitali

173 525 332 574 motui
364 524 616 589 sanguinis
653 523 958 572 contrarium
991 529 1266 570 nascuntur
1290 521 1451 570 morbi
1474 522 1577 585 epi-

175 601 369 660 demici,
409 601 480 650 ita
521 616 581 648 ex
618 598 922 663 corpusculis
964 598 1138 647 terreis
1179 604 1319 646 motu
1357 597 1577 661 praeditis

124 701 128 706 ·
174 683 365 726 naturae
404 683 586 725 nostrae
625 691 844 739 congruo
884 674 987 722 vita
1027 682 1078 722 et
1119 682 1284 722 motus
1327 673 1578 737 sanguinis

177 752 370 802 debitus
394 752 729 801 continuatur.

71 875 73 877 a
183 866 186 869 -
243 835 290 877 3.
326 828 504 877 Mortis
546 835 726 887 autem,
774 827 826 875 id
869 836 944 876 est
981 826 1270 876 cessationis
1309 826 1576 890 sanguinis,

62 906 68 915 ’
114 919 116 921 ·
174 912 356 968 praeter
373 904 473 952 vim
491 911 746 953 externam
764 904 912 952 variae
936 910 1051 952 sunt
1075 919 1250 952 causae.
1307 903 1378 951 Ut
1399 902 1576 966 primo,

64 986 77 997 “
174 996 402 1030 vasorum
436 980 488 1028 in
523 980 698 1043 quibus
733 979 1078 1028 circumfertur
1113 978 1312 1042 sanguis
1355 978 1578 1026 obstruc-

175 1056 348 1105 tiones.
387 1056 518 1104 Nam
535 1056 642 1104 fieri
658 1063 823 1119 potest
841 1071 931 1119 per
949 1055 1311 1104 contumaciam
1330 1055 1577 1103 musculo-

175 1148 286 1181 rum
299 1138 356 1180 ut
369 1132 450 1180 via
463 1131 713 1195 sanguinis
732 1132 1029 1179 obstruatur.
1067 1131 1393 1179 Contumacia
1411 1139 1578 1179 autem

176 1207 508 1256 musculorum
547 1215 668 1256 tunc
708 1208 780 1267 fit,
819 1208 1017 1272 quando
1049 1208 1228 1256 humor
1264 1207 1440 1271 aliquis
1478 1209 1578 1257 vis-

177 1299 320 1332 cosus
360 1282 438 1332 vel
477 1300 707 1332 mucosus
748 1284 800 1332 in
831 1284 948 1348 ipsis
985 1285 1220 1333 musculis
1255 1286 1576 1349 congelatur;

176 1359 308 1408 unde
330 1360 388 1408 fit
409 1361 690 1424 utsanguis
715 1361 954 1409 arterialis
977 1378 1067 1425 per
1090 1362 1295 1410 arterias
1321 1362 1578 1426 capillares

151 1451 277 1499 *non
299 1435 447 1484 modo
472 1435 732 1485 difficulter
764 1444 998 1497 transeat,
1033 1437 1121 1485 sed
1153 1437 1302 1485 etiam
1339 1454 1440 1486 non
1473 1438 1578 1485 sine

178 1511 467 1560 difficultate
501 1512 767 1576 recipiatur
805 1513 858 1561 in
899 1513 1154 1577 capillares
1195 1529 1361 1562 venas.
1434 1514 1578 1562 Unde

177 1587 355 1647 febres,
391 1595 442 1636 et
475 1587 528 1636 ni
562 1588 634 1636 vis
668 1595 831 1637 motus
867 1589 1029 1637 cordis
1064 1589 1245 1649 vincat,
1271 1606 1418 1638 mors.
1492 1590 1603 1638 Sea

179 1663 358 1723 cundo,
384 1664 426 1712 si
461 1665 671 1713 materia
703 1665 967 1729 purulenta
1004 1665 1168 1729 aliqua
1203 1666 1255 1713 in
1293 1666 1409 1729 ipsis
1445 1666 1581 1714 venis

179 1739 411 1804 sanguini
432 1739 647 1789 immista
667 1741 846 1801 fluitet,
878 1741 1010 1789 idem
1039 1741 1133 1789 erit
1155 1741 1207 1789 in
1231 1742 1468 1805 sanguine
1492 1758 1580 1805 per

180 1816 384 1865 arterias
421 1816 473 1864 in
506 1816 753 1865 musculos
789 1816 1101 1865 extrudendo
1138 1817 1298 1865 cordis
1335 1817 1490 1877 labor,
1530 1817 1580 1865 id

181 1899 272 1952 est,
299 1891 467 1952 febris,
501 1903 552 1940 et
580 1893 931 1941 succumbente
965 1893 1113 1941 corde
1148 1909 1297 1953 mors,
1332 1893 1577 1953 vincente,

180 1968 348 2017 ulcera
368 1967 420 2016 in
445 1984 608 2028 carne,
639 1969 871 2017 nimirum
896 1986 926 2017 a
960 1969 1168 2017 materia
1203 1969 1468 2033 purulenta
1490 1986 1579 2033 per

181 2044 428 2093 musculos
463 2052 675 2093 extrusa.
748 2045 1046 2109 Hujusmodi
1081 2051 1247 2093 autem
1284 2045 1491 2093 materia
1529 2045 1582 2093 in

180 2120 317 2169 venis
340 2119 560 2169 nascitur
597 2121 888 2169 exulceratis
909 2143 921 2176 ;
959 2120 1093 2185 quod
1119 2121 1227 2169 fieri
1250 2128 1415 2185 potest
1437 2121 1499 2169 ab
1523 2121 1582 2169 iis

181 2196 483 2260 corpusculis
519 2212 629 2260 quae
663 2197 958 2246 hauriuntur
991 2214 1081 2262 per
1117 2197 1490 2262 respirationem
1532 2205 1582 2246 et

181 2272 420 2321 intrantia
450 2272 502 2320 in
539 2273 827 2336 sanguinem
858 2290 975 2322 vasa
1006 2274 1290 2334 corrodunt,
1321 2275 1397 2322 vel
1422 2274 1582 2338 ipsum

183 2348 472 2412 sanguinem
508 2349 785 2412 coagulant,
823 2356 879 2397 ut
913 2350 965 2398 in
1002 2350 1184 2398 morbis
1220 2351 1580 2414 pestilentibus.

171 2423 307 2472 Fieri
339 2424 490 2472 etiam
523 2432 689 2488 potest
723 2441 753 2473 a
788 2426 1090 2489 corpusculis
1126 2443 1236 2490 quae
1271 2427 1322 2474 in
1359 2427 1468 2475 cibo
1503 2427 1582 2476 vel

182 2508 305 2564 potu
350 2499 683 2564 recipiuntur3
735 2516 860 2565 quae,
905 2518 1018 2550 cum
1059 2503 1202 2568 chylo
1249 2503 1488 2552 intrantia
1529 2504 1581 2552 in

182 2592 349 2635 venas,
372 2576 502 2640 ipsas
526 2577 827 2626 exulcerant.
899 2579 1036 2627 Idem
1061 2580 1211 2627 etiam
1235 2579 1342 2627 fieri
1363 2587 1528 2643 potest
1553 2597 1583 2628 a

183 2643 350 2700 morsu
381 2661 664 2716 serpentum
697 2660 746 2701 et
782 2670 960 2702 canum
993 2655 1294 2714 rabidorum,
1318 2655 1451 2704 unde
1474 2657 1582 2704 vul-

184 2735 356 2776 nerata
387 2728 551 2792 aliqua
582 2745 723 2789 vena,
762 2730 837 2777 vel
872 2737 1124 2795 utcunque
1159 2748 1349 2780 veneno
1386 2733 1436 2781 in
1470 2749 1582 2781 san-

184 2803 385 2868 guinem
418 2804 580 2863 misso,
612 2806 670 2853 fit
702 2805 1000 2854 exulceratio
1037 2806 1089 2855 in
1129 2806 1263 2855 venis
1292 2808 1581 2872 sanguinem

185 2886 482 2928 venenatum
527 2881 890 2946 recipientibus.
969 2883 1207 2947 Denique,
1254 2885 1582 2949 undecunque

1628 393 1758 427 SECT.
1780 394 1831 426 11.

1714 446 1742 476 1.

1626 841 1823 870 Dissolutione
1831 852 1837 870 z
