2020 3262
206 372 333 406 sssc'r.
354 353 411 408 11.¹

281 424 329 455 10.

227 1418 371 1446 Sermonis

225 1461 373 1489 commoda
381 1464 410 1489 et

224 1504 410 1533 incommoda.

455 233 520 277 90
940 248 1010 281 DE
1038 248 1277 282 HOMINE.

452 360 649 415 pentem
663 354 932 419 intelligere
947 357 1226 420 loquentem
1241 357 1300 405 de
1315 365 1484 416 morte,
1493 359 1629 421 cujus
1643 359 1823 408 nullam

452 428 631 476 habere
661 431 819 492 potuit
842 431 1000 479 ideam
1026 433 1258 490 Adamus,
1294 434 1477 495 primus
1511 434 1822 483 mortalium?

454 503 575 551 Haec
601 520 716 567 ergo
740 507 950 553 naturali
976 507 1121 555 modo
1156 508 1361 571 intelligi
1395 524 1494 556 non
1526 516 1820 571 potuerunt;

451 586 500 626 et
521 595 609 643 per
632 596 945 644 consequens,
983 583 1119 645 origo
1155 584 1389 631 sermonis
1418 584 1704 631 naturaliter
1729 585 1824 633 alia

451 670 554 702 esse
587 671 688 702 non
721 657 883 718 potuit
916 665 1095 719 praeter
1127 658 1275 720 ipsius
1309 658 1517 706 hominis
1549 659 1820 708 arbitrium.

453 730 600 778 Quod
621 732 775 794 magis
794 731 951 779 adhuc
968 733 1275 795 perspicuum
1294 740 1368 781 est
1391 750 1450 781 ex
1467 734 1742 796 linguarum
1759 734 1823 782 ad

450 805 602 852 Babel
625 806 879 854 oblivione.
950 808 1078 855 Nam
1100 824 1159 855 ex
1182 825 1239 856 eo
1263 816 1480 871 tempore
1504 809 1683 872 linguae
1701 816 1821 858 ortae

450 887 563 927 sunt
598 881 813 940 diversae,
849 890 899 930 et
932 899 962 930 a
995 884 1195 946 singulis
1222 885 1498 931 hominibus
1530 885 1581 931 in
1610 885 1821 948 singulas

448 963 619 1018 gentes
653 956 895 1004 derivatae.
966 959 1112 1007 Quod
1146 966 1307 1006 autem
1338 959 1505 1006 dicunt
1533 959 1696 1022 aliqui,
1730 961 1822 1008 im-

448 1031 605 1092 posita
644 1047 747 1079 esse
784 1032 983 1095 singulis
1019 1034 1162 1080 rebus
1202 1035 1399 1081 nomina
1430 1035 1571 1096 juxta
1606 1034 1818 1098 ipsarum

448 1122 611 1154 rerum
633 1114 871 1166 naturam,
894 1109 1078 1171 puerile
1098 1115 1186 1156 est.
1257 1109 1355 1158 Qui
1375 1110 1504 1156 enim
1521 1109 1626 1156 fieri
1643 1110 1817 1172 potuit,

450 1197 560 1228 cum
593 1198 691 1230 una
725 1183 787 1231 sit
818 1184 998 1246 ubique
1021 1191 1194 1231 natura
1215 1200 1392 1243 rerum,
1432 1185 1631 1232 diversae
1654 1191 1818 1232 tamen

449 1265 610 1304 essent
642 1258 857 1321 linguae?
926 1259 988 1306 Et
1022 1259 1139 1321 quid
1171 1260 1318 1307 habet
1351 1261 1493 1307 affine
1527 1276 1634 1318 vox,
1670 1260 1722 1307 id
1744 1268 1817 1308 est

449 1347 608 1390 sonUS,
634 1339 683 1379 et
706 1333 898 1392 animal,
923 1334 1053 1396 quod
1076 1341 1148 1381 est
1170 1334 1375 1398 eorpus?

515 1413 560 1454 3.
596 1408 671 1454 Ab
704 1409 921 1456 oratione
950 1425 1057 1471 quae
1088 1410 1376 1472 contingunt
1400 1409 1669 1467 commoda,
1692 1425 1817 1471 prae-

449 1481 592 1544 cipua
621 1483 726 1529 haec
757 1490 883 1530 sunt.
953 1484 1128 1542 Primo,
1162 1484 1292 1546 quod
1323 1500 1414 1547 ope
1445 1484 1695 1531 nominum
1725 1500 1816 1532 nu-

446 1557 698 1604 meralium
711 1558 856 1605 homo
870 1558 1023 1620 possit
1040 1574 1292 1605 numerare
1309 1574 1409 1605 non
1422 1558 1567 1605 modo
1582 1559 1815 1618 unitates,

446 1632 532 1680 sed
569 1632 714 1679 etiam
752 1648 865 1691 una,
903 1648 1202 1694 quaecunque
1237 1649 1293 1680 ea
1331 1639 1470 1688 sunt;
1504 1640 1560 1680 ut
1596 1649 1814 1696 corpora,

444 1715 682 1769 quatenus
714 1714 826 1755 sunt
856 1707 955 1754 ullo
986 1707 1130 1755 modo
1167 1716 1362 1770 quanta,
1394 1708 1494 1755 sive
1522 1707 1682 1770 longa,
1717 1708 1815 1756 sive

442 1782 591 1845 longa
613 1789 662 1830 et
692 1783 805 1840 lata,
841 1782 939 1829 sive
966 1783 1113 1844 longa
1134 1782 1233 1830 lata
1256 1789 1305 1829 et
1328 1798 1515 1837 orassa;
1551 1782 1814 1846 eademque

444 1873 749 1919 componere,
784 1858 1018 1916 minuere,
1057 1865 1105 1905 et
1134 1874 1221 1921 per
1243 1873 1470 1905 numeros
1495 1857 1814 1921 multiplicare

444 1938 493 1979 et
517 1932 746 1991 dividere,
766 1940 816 1979 et
839 1933 968 1979 inter
992 1948 1041 1980 se
1066 1949 1374 1995 eomparare3
1411 1933 1559 1980 etiam
1581 1939 1812 1995 tempora,

442 2014 644 2065 motum,
680 2007 910 2069 pondera,
947 2015 995 2055 et
1028 2008 1080 2054 in
1115 2008 1424 2070 qualitatibus
1453 2008 1633 2072 gradus
1655 2008 1813 2055 inten-

443 2083 591 2130 sionis
622 2090 671 2130 et
699 2083 993 2130 remissionis
1017 2084 1201 2131 calculo
1227 2084 1479 2146 subjicere.
1547 2083 1619 2130 Ex
1642 2082 1813 2145 quibus

442 2158 584 2205 rebus
608 2159 719 2206 vitae
742 2159 981 2217 humanae,
1007 2175 1151 2222 supra
1175 2159 1506 2206 conditionem
1528 2165 1813 2206 caeterorum

441 2233 736 2292 animalium,
777 2234 995 2296 ingentia
1029 2234 1284 2281 commoda
1317 2234 1552 2281 oriuntur.
1619 2232 1812 2279 Artium

441 2309 570 2356 enim
603 2309 776 2356 harum
811 2325 926 2356 usus
951 2317 1161 2371 quantus
1190 2309 1253 2356 sit
1275 2309 1325 2356 in
1348 2307 1680 2355 mensurandis
1704 2323 1812 2355 cor-

439 2385 651 2446 poribus,
676 2385 727 2431 in
751 2384 936 2431 calculo
954 2391 1243 2447 temporum,
1262 2384 1313 2431 in
1332 2381 1691 2446 computatione
1708 2397 1810 2428 mo-

440 2467 578 2507 tuum
603 2460 886 2518 coelestium,
921 2460 971 2506 in
991 2459 1120 2506 orbis
1145 2467 1383 2506 terrarum
1402 2456 1740 2519 descriptione,
1759 2456 1810 2503 in

439 2535 843 2597 navigationibus,
891 2534 943 2581 in
983 2533 1217 2591 aedificiis,
1257 2533 1308 2580 in
1341 2531 1574 2579 machinis
1609 2530 1810 2593 aliisque

439 2611 583 2657 rebus
602 2610 901 2668 necessariis,
921 2625 1064 2656 nemo
1083 2616 1155 2656 est
1173 2608 1255 2671 qui
1272 2607 1440 2655 nescit.
1501 2606 1624 2654 Quae
1647 2605 1811 2653 omnia

440 2701 469 2731 a
514 2686 848 2733 numeratione
888 2685 1278 2748 proficiscuntur,
1321 2699 1350 2730 a
1387 2696 1607 2730 sermone
1647 2687 1809 2728 autem

438 2760 723 2807 numeratio.
795 2759 1032 2817 Secundo,
1065 2758 1194 2821 quod
1228 2757 1349 2804 alter
1383 2756 1589 2803 alterum
1618 2754 1808 2813 docere,

438 2834 489 2881 id
520 2842 608 2893 est,
640 2835 890 2883 scientiam
922 2851 1058 2883 suam
1093 2832 1232 2882 alteri
1268 2830 1638 2888 communicare,
1679 2830 1809 2893 quod
