2020 3262
226 392 353 425 SEc‘r.
375 393 425 427 11.

310 443 355 474 15.

186 1361 343 1391 Personam
356 1363 406 1392 ha-

185 1405 253 1433 bere
272 1406 394 1444 intelligi

184 1452 306 1485 possunt
317 1449 380 1477 aliae
393 1459 439 1478 res

183 1495 289 1528 praeter
297 1493 451 1521 hominem,

482 252 570 295 132
994 268 1063 302 DE
1091 269 1331 303 HOMINE.

474 373 565 421 Dei
601 376 850 438 regnantis
888 393 1144 440 personam
1189 381 1425 443 gerebant
1470 382 1626 445 primo
1668 383 1846 441 Moses,

473 447 648 497 deinde
667 450 907 511 Christus,
927 460 977 501 et
1001 470 1148 514 nunc,
1165 464 1427 519 postquam
1446 457 1523 504 die
1538 458 1846 507 Pentecostes

474 524 680 587 Spiritus
698 527 903 576 Sanctus
911 529 962 577 in
977 531 1221 593 apostolos
1234 532 1487 579 visibiliter
1502 532 1844 592 descendisset,

473 600 691 660 ecclesia,
733 602 785 649 id
822 611 896 651 est
936 606 1152 654 ecclesiae
1192 607 1243 654 in
1281 608 1413 655 omni
1452 608 1647 656 civitate
1687 614 1847 657 rector

472 690 700 724 summus.
771 678 936 726 Habet
968 696 1084 743 ergo
1114 681 1171 728 in
1210 683 1432 730 omnibus
1468 683 1692 746 gentibus
1715 683 1847 731 Deus

468 752 808 813 possessiones,
832 770 967 802 more
1007 755 1274 815 hominum,
1311 764 1481 815 terras,
1509 759 1633 820 jura,
1659 763 1715 804 et
1753 757 1849 806 alia

469 825 599 874 bona
635 842 736 886 sua,
774 844 948 892 nempe
986 830 1078 877 sibi
1114 839 1408 879 consecrata.
1480 833 1576 880 Sed
1606 833 1712 880 haec
1747 849 1847 881 non

471 901 565 949 nisi
589 902 786 951 civitate
824 905 1103 953 constituta.
1173 907 1296 954 Cum
1334 908 1463 955 enim
1498 907 1722 955 voluntas
1755 907 1847 955 Dei

470 976 563 1024 nisi
585 994 674 1040 per
697 979 944 1027 civitatem
975 997 1074 1028 non
1099 990 1438 1044 cognoscatur,
1463 982 1739 1046 requiratur
1761 998 1847 1030 au-

470 1060 572 1099 tem
595 1054 821 1102 voluntas
861 1055 1004 1114 illius,
1030 1057 1112 1119 qui
1148 1064 1539 1120 repraesentatur,
1577 1065 1635 1106 ut
1671 1056 1847 1105 author

470 1127 532 1174 sit
566 1128 812 1176 actionum
836 1146 954 1193 quas
977 1131 1164 1179 faciunt
1200 1132 1269 1179 illi
1303 1149 1332 1180 a
1367 1133 1540 1195 quibus
1579 1148 1846 1196 repraesen-

469 1209 615 1262 tatur,
653 1219 849 1252 necesse
873 1213 947 1253 est
969 1214 1025 1254 111
1059 1223 1267 1270 persona
1302 1209 1389 1255 fiat
1423 1224 1512 1270 per
1545 1208 1846 1255 voluntatem

470 1277 697 1326 civitatis.

535 1358 582 1399 4.
602 1353 762 1400 Etiam
779 1355 850 1401 rei
865 1355 1142 1403 inanimatae
1157 1373 1365 1420 persona
1377 1373 1478 1405 esse
1495 1363 1671 1420 potest,
1686 1357 1735 1405 id
1752 1364 1842 1416 est,

468 1428 792 1489 possessiones
828 1437 878 1476 et
903 1430 996 1477 alia
1017 1431 1147 1478 bona
1175 1432 1370 1490 habere,
1395 1440 1444 1479 et
1458 1434 1567 1495 jure
1591 1448 1736 1495 agere
1757 1449 1845 1495 po-

468 1509 580 1560 test,
605 1510 661 1550 ut
684 1504 934 1567 templum,
958 1521 1080 1568 pons
1114 1507 1192 1553 vel
1214 1507 1309 1554 alia
1335 1523 1412 1554 res
1439 1524 1756 1570 quaecunque,
1780 1507 1843 1555 ad

469 1578 606 1639 cujus
630 1580 1046 1627 conservationem
1071 1581 1340 1644 sumptibus
1365 1598 1484 1644 opus
1509 1590 1595 1630 est.
1647 1584 1710 1630 Et
1732 1598 1842 1646 per-

466 1668 635 1702 sonam
659 1654 761 1716 ejus
785 1663 957 1716 gerent
986 1663 1235 1703 curatores
1273 1673 1302 1703 a
1339 1657 1536 1704 civitate
1575 1657 1840 1716 constituti,

463 1735 520 1775 ut
543 1744 651 1791 quae
686 1729 987 1777 voluntatem
1017 1746 1117 1778 non
1153 1731 1301 1779 habet
1334 1739 1513 1794 praeter
1542 1729 1843 1781 voluntatem

465 1804 689 1851 civitatis.

531 1879 827 1942 Hujusmodi
871 1885 1034 1927 autem
1078 1880 1332 1928 fictionum
1377 1882 1483 1944 quis
1530 1882 1592 1929 sit
1635 1897 1750 1930 usus
1790 1882 1840 1930 in

464 1954 675 2012 civitate,
706 1955 799 2016 (est
829 1963 993 2002 autem
1017 1955 1293 2018 maximus)
1322 1957 1538 2005 dicemus
1561 1958 1612 2004 in
1626 1957 1840 2005 sectione

461 2030 620 2087 tertia,
637 2045 744 2092 quae
762 2036 835 2077 est
851 2029 932 2077 De
951 2029 1083 2078 Cive.

531 2104 823 2167 Quanquam
862 2105 993 2167 leges
1029 2105 1275 2153 naturales
1320 2106 1566 2154 hominem
1601 2114 1839 2170 quatenus

461 2180 710 2227 hominem
744 2180 1027 2242 respiciunt,
1076 2179 1136 2227 de
1181 2180 1275 2227 illis
1314 2187 1494 2240 tamen,
1527 2181 1620 2228 nisi
1642 2189 1698 2229 ut
1721 2198 1838 2229 con-

462 2254 682 2301 tinentur
706 2254 757 2301 in
779 2255 919 2301 bonis
956 2254 1187 2313 moribus,
1227 2256 1523 2303 mentionem
1546 2256 1597 2303 in
1619 2256 1710 2304 hac
1734 2272 1838 2304 sec-

462 2329 597 2377 tione
620 2345 719 2376 non
741 2329 959 2377 fecimus.
1016 2329 1112 2376 Sed
1135 2329 1249 2392 quia
1271 2331 1364 2377 nisi
1395 2331 1581 2394 legibus
1618 2331 1836 2379 civilibus

463 2412 510 2451 et
550 2411 796 2467 potestate
837 2404 1093 2451 coercendi
1132 2405 1552 2467 praeexistentibus
1592 2406 1836 2454 observari

461 2496 560 2526 non
600 2486 816 2542 possunt,
855 2479 915 2526 de
951 2479 1045 2526 illis
1080 2485 1136 2525 ut
1173 2478 1233 2526 de
1263 2480 1450 2542 legibus
1473 2481 1524 2528 in
1542 2481 1709 2528 eadem
1733 2496 1836 2529 sec-

462 2555 595 2603 tione
618 2555 763 2603 tertia
787 2555 904 2602 satis
928 2554 1154 2617 ampliter
1178 2554 1479 2603 disseremus.
