2020 3262
319 246 409 289 140
743 254 1006 290 Ems'roLA
1032 255 1425 290 DEDICATORIA.

312 390 459 438 litora
476 391 758 440 accederem
776 399 881 440 tum
900 392 1126 455 scopulis,
1142 399 1247 440 tum
1260 390 1580 455 praesentibus
1597 390 1820 454 procellis

311 491 595 554 periculosa.
666 493 915 546 Quantum
944 492 1122 540 laboris
1154 491 1513 554 diligentiaeque
1544 490 1595 537 in
1617 490 1819 539 veritate

311 590 647 654 investiganda
660 591 931 639 adhibitum
949 591 1027 649 sit,
1049 591 1164 638 scio.
1225 590 1357 644 Quid
1372 590 1613 637 effecerim
1630 574 1816 638 nescio:

311 704 424 736 nam
447 689 644 751 inventa
665 696 832 737 nostra
855 704 1021 736 omnes
1043 704 1144 750 prae
1168 704 1330 735 amore
1353 687 1512 735 minus
1536 694 1668 735 recte
1692 688 1819 736 aesti-

311 805 513 837 mamus.
583 790 752 852 Itaque
782 788 997 835 libellum
1029 787 1159 835 hunc
1196 803 1413 835 censurae
1448 795 1545 835 tuae
1575 803 1720 850 quam
1749 787 1819 836 fa—

309 889 414 937 vori
435 890 568 952 prius
593 889 757 946 offero,
774 896 830 935 ut
852 887 983 951 apud
1001 903 1145 950 quem
1163 888 1446 935 certissimis
1476 887 1820 950 experimentis

311 986 613 1049 exploratum
652 986 873 1044 habeam,
916 985 1167 1048 opiniones
1204 1002 1361 1048 neque
1408 985 1689 1033 celebritate
1734 1001 1820 1034 au—

309 1085 521 1145 thorum,
545 1102 701 1149 neque
723 1086 940 1134 novitate
964 1102 1064 1145 sua,
1100 1102 1257 1148 neque
1282 1086 1440 1148 specie
1464 1086 1712 1145 orationis,
1734 1085 1820 1133 sed

309 1184 607 1232 firmitudine
630 1185 872 1233 rationum
908 1185 1197 1233 favorabiles
1229 1185 1350 1232 fieri.
1422 1185 1474 1232 Si
1507 1185 1734 1242 arrideat,
1768 1184 1820 1233 id

311 1291 398 1343 est,
419 1285 459 1332 si
475 1301 722 1343 nervosus,
748 1285 787 1332 si
805 1285 954 1343 utilis,
971 1285 1011 1332 si
1033 1301 1133 1332 non
1155 1285 1367 1348 vulgaris
1393 1285 1471 1343 sit,
1495 1291 1600 1332 tum
1624 1284 1820 1332 demum

311 1401 422 1432 eum
445 1385 551 1443 tibi,
588 1384 988 1432 excellentissime
1011 1385 1236 1444 Domine,
1271 1385 1550 1448 praesidium
1584 1391 1634 1432 et
1669 1384 1816 1433 decus

308 1501 487 1543 meum,
505 1484 772 1531 humillime
792 1484 901 1532 dico
925 1484 1220 1547 dedicoque;
1246 1484 1320 1531 sin
1344 1483 1619 1543 erraverim,
1642 1490 1818 1532 testem

309 1591 473 1632 tamen
487 1584 635 1631 habes
649 1583 961 1646 gratitudinis
983 1599 1121 1643 meae,
1142 1582 1273 1646 quod
1289 1583 1459 1641 otium,
1477 1583 1713 1631 beneficio
1730 1589 1816 1632 tuo

310 1699 609 1742 concessum,
634 1682 697 1730 ad
718 1683 926 1746 gratiam
943 1691 1079 1730 tuam
1092 1681 1461 1746 promerendam
1478 1682 1551 1730 uti
1568 1683 1815 1731 voluerim.

308 1783 378 1831 Te
402 1782 532 1830 Deus
555 1782 766 1845 optimus
783 1782 1021 1831 maximus
1045 1782 1095 1830 in
1120 1782 1326 1830 statione
1343 1782 1435 1829 hac
1452 1781 1645 1829 mortali
1662 1782 1817 1830 civem

310 1884 547 1947 optimum
569 1890 809 1946 protegat,
845 1899 996 1946 eaque
1018 1889 1230 1946 peracta,
1254 1882 1340 1930 sed
1371 1882 1665 1945 longissima,
1702 1882 1816 1930 civi-

310 1985 426 2032 tatis
451 1983 657 2031 coelestis
680 1983 843 2046 gloria>
858 1990 1073 2031 coronet.

724 2094 1035 2143 Excellentiae
1059 2102 1157 2142 tuae
1181 2109 1347 2142 servus
1370 2093 1679 2152 humillimus,

1268 2194 1498 2241 THOMAS
1538 2193 1809 2241 Honmus.

304 2281 544 2340 Parisii&
582 2281 706 2329 Nov.
740 2288 778 2340 l,
817 2287 955 2330 1646.
