2020 3262
451 229 549 282 272
996 245 1299 280 IMPERIUM.

190 373 318 405 SEc'r,
338 373 409 406 111,
450 354 575 413 culo,
610 353 884 402 vinctorum
920 356 1135 403 omnium
1173 361 1413 419 quotquot
1454 362 1568 403 sunt
1607 355 1830 406 dominus

204 469 213 480 ,
286 424 336 455 ¹⁰·
388 471 394 479 .
449 436 536 477 est.
607 429 720 478 Non
744 438 818 478 est
841 447 956 494 ergo
979 433 1134 495 major
1156 431 1354 478 libertas
1394 431 1571 478 civium
1610 431 1661 479 in
1698 440 1834 483 statu

438 504 703 569 populari,
739 522 884 569 quam
925 507 1254 554 monarchioe.
1325 506 1383 554 Id
1429 507 1562 569 quod
1606 507 1833 570 imponit,

449 587 522 628 est
549 581 893 644 participatio
935 583 1132 644 aequalis
1156 598 1414 629 munerum
1449 582 1757 645 publicorum
1779 589 1832 631 et

448 655 652 719 imperii.
744 657 870 704 Nam
915 658 1000 704 ubi
1045 658 1301 719 imperium
1346 657 1525 721 populi
1571 665 1660 716 est,
1702 657 1832 706 cives

449 738 649 778 eatenus
690 731 946 794 imperium
989 732 1166 795 singuli
1201 732 1545 795 participant,
1594 740 1834 795 quatenus

437 806 624 870 populi
669 807 953 869 imperantis
998 814 1162 870 partes
1209 814 1334 854 sunt.
1422 807 1629 855 Munera
1668 814 1834 856 autem

446 881 642 944 publica
656 882 907 945 aequaliter
922 882 1231 945 participant,
1250 891 1489 945 quatenus
1507 883 1558 930 in
1573 883 1833 946 magistra--

448 956 577 1003 tibus
602 964 650 1004 et
675 957 909 1005 ministris
933 958 1138 1020 publicis
1163 958 1397 1021 eligendis
1423 960 1628 1022 aequalia
1649 959 1835 1007 habent

450 1032 694 1095 suffragia.
765 1033 928 1096 Atque
963 1034 1056 1081 hoc
1086 1040 1160 1081 est
1191 1034 1322 1096 quod
1351 1035 1505 1083 voluit
1530 1035 1833 1094 AristoteleS,

448 1107 552 1170 ipse
576 1123 768 1170 quoque
793 1109 1141 1156 consuetudine
1167 1110 1397 1172 temporis
1433 1110 1707 1158 libertatem
1743 1127 1834 1174 pro

449 1182 652 1245 imperio
678 1183 951 1242 nominans,
983 1183 1108 1231 libro
1133 1193 1270 1232 sexto
1307 1185 1649 1245 Politia-orum,
1675 1186 1834 1249 capite

451 1257 681 1316 secundo,
721 1258 771 1305 in
809 1265 947 1305 statu
978 1259 1221 1323 populari
1263 1260 1473 1308 libertas
1511 1268 1587 1308 est
1623 1278 1686 1308 ex
1717 1277 1835 1325 sup-

446 1333 719 1396 positione.
811 1334 958 1389 chod
991 1334 1140 1398 vulgo
1182 1335 1369 1394 dicunt,
1414 1342 1650 1399 tanquam
1685 1342 1835 1383 extra

452 1413 636 1454 statum
659 1407 785 1454 hunc
810 1408 938 1455 liber
962 1415 1092 1455 esset
1118 1426 1267 1457 nemo.
1336 1411 1410 1458 Ex
1434 1427 1529 1473 quo
1554 1411 1710 1458 obiter
1735 1411 1836 1459 col-

451 1483 603 1545 ligere
626 1482 757 1541 licet,
782 1483 910 1530 cives
947 1499 1028 1530 eos
1053 1484 1135 1546 qui
1174 1485 1225 1531 in
1265 1486 1552 1532 monarchia
1595 1486 1836 1534 sublatam

450 1557 727 1605 libertatem
764 1558 975 1620 plorant,
1012 1559 1106 1607 hoc
1143 1567 1335 1607 tantum
1370 1562 1678 1620 stomachari,
1704 1562 1838 1625 quod

448 1649 548 1680 non
572 1634 896 1681 adhibeantur
920 1634 983 1681 ad
1004 1635 1282 1698 reipublicae
1304 1637 1648 1700 gubernacula.

189 1716 416 1744 Nonessecivi-
518 1715 563 1756 9.
603 1709 699 1756 Sed
717 1710 778 1757 ob
802 1710 895 1757 hoc
919 1710 1078 1774 ipsum
1100 1711 1306 1758 fortasse
1340 1711 1512 1774 aliquis
1536 1718 1718 1759 statum
1742 1729 1839 1777 po-

187 1759 246 1787 bus
270 1760 423 1788 incommo-

188 1802 362 1873 dum,qu‹(›ld
375 1811 435 1873 min
445 1785 677 1849 pularem
716 1785 927 1833 maximo
969 1786 1224 1834 intervallo
1247 1787 1542 1835 monarchia>
1565 1787 1839 1836 anteferen-

188 1855 290 1874 omnes
310 1855 327 1873 a
360 1854 401 1882 pu
422 1863 431 1867 -

188 1888 261 1917 ΠΜ
289 1888 426 1917 delibera
453 1860 569 1908 dum
616 1876 717 1907 esse
756 1860 900 1919 dicet,
951 1861 1084 1924 quod
1129 1861 1242 1920 illic,
1290 1861 1373 1909 ubi
1414 1862 1597 1910 scilicet
1640 1862 1839 1926 negotia

190 1932 300 2003 {2333
325 1931 425 1960 admit
452 1936 647 1999 publica
671 1952 836 1983 omnes
861 1944 1091 1995 tractant,
1110 1937 1435 2000 prudentiam,
1458 1937 1724 1993 scientiam,
1739 1937 1835 1985 elo-

455 2011 798 2074 quentiamque
836 2027 973 2059 suam
1012 2012 1063 2059 in
1112 2012 1538 2061 deliberationibus
1585 2012 1714 2060 circa
1758 2028 1836 2060 res

453 2086 678 2133 maximae
703 2086 999 2133 difficultatis
1025 2094 1075 2133 et
1092 2087 1327 2134 momenti
1346 2087 1538 2149 publice
1562 2085 1839 2134 ostentandi

453 2168 668 2224 potestas
693 2162 914 2209 omnibus
933 2162 1064 2209 facta
1088 2162 1150 2210 sit
1171 2184 1181 2217 ;
1219 2163 1271 2210 id
1291 2163 1421 2225 quod
1434 2170 1634 2226 propter
1650 2169 1838 2210 naturae

454 2237 681 2285 humanae
717 2237 937 2284 innatam
968 2237 1124 2284 laudis
1160 2237 1492 2300 cupiditatem,
1517 2237 1738 2285 omnibus
1762 2237 1838 2295 iis,

455 2312 538 2374 qui
560 2312 638 2360 vel
665 2312 843 2360 talibus
861 2312 1121 2360 virtutibus
1146 2313 1443 2360 antecellunt
1465 2313 1542 2361 vel
1566 2313 1656 2360 sibi
1672 2312 1840 2359 viden-

456 2395 536 2434 tur
561 2387 751 2435 caeteris
788 2388 1093 2446 antecellere,
1120 2389 1336 2435 omnium
1359 2404 1521 2435 rerum
1558 2396 1631 2435 est
1663 2388 1839 2450 jucun-

455 2462 735 2510 dissimum:
769 2462 849 2509 hic
873 2478 988 2510 vero
1011 2462 1091 2511 via
1113 2463 1196 2510 illa
1217 2462 1280 2510 ad
1301 2462 1494 2510 laudem
1512 2469 1560 2509 et
1579 2462 1840 2524 dignitates

456 2537 746 2585 obtinendas
804 2539 1029 2586 maximae
1074 2538 1202 2601 parti
1249 2538 1425 2585 civium
1470 2537 1705 2600 praeclusa
1750 2545 1838 2585 est.

459 2613 592 2661 Quid
615 2621 777 2660 autem
798 2620 884 2671 est,
906 2614 946 2660 si
969 2614 1063 2660 hoc
1086 2629 1186 2660 non
1210 2620 1285 2660 est
1307 2612 1668 2660 incommodum
1689 2612 1704 2659 ?
1754 2612 1841 2659 Di-

456 2704 578 2735 cam.
623 2687 923 2735 Sententiam
956 2689 1074 2751 ejus,
1100 2704 1245 2750 quem
1269 2686 1635 2745 contemnimus,
1660 2695 1840 2735 nostrae

455 2763 708 2824 praelatam
731 2763 896 2811 videre
915 2785 926 2819 ;
964 2762 1250 2826 sapientiam
1274 2767 1490 2808 nostram
1510 2761 1561 2807 in
1577 2770 1842 2824 conspectu

456 2845 623 2886 nostro
658 2838 869 2901 negligi3
927 2839 1113 2885 incerto
1160 2835 1422 2884 certamine
1469 2836 1624 2884 inanis
1671 2837 1840 2900 gloriae
