<?xml version="1.0" encoding="UTF-8"?>
<!DOCTYPE html PUBLIC "-//W3C//DTD XHTML 1.0 Transitional//EN"
    "http://www.w3.org/TR/xhtml1/DTD/xhtml1-transitional.dtd">
<html xmlns="http://www.w3.org/1999/xhtml" xml:lang="en" lang="en">
 <head>
  <title>
</title>
<meta http-equiv="Content-Type" content="text/html;charset=utf-8" />
  <meta name='ocr-system' content='tesseract 3.04.00' />
  <meta name='ocr-capabilities' content='ocr_page ocr_carea ocr_par ocr_line ocrx_word'/>
</head>
<body>
  <div class='ocr_page' id='page_1' title='image "./operaphilosophic02hobbuoft_0117.png"; bbox 0 0 2020 3262; ppageno 0'>
   <div class='ocr_carea' id='block_1_1' title="bbox 0 617 48 1584">
    <p class='ocr_par' dir='ltr' id='par_1_1' title="bbox 0 617 48 1584">
     <span class='ocr_line' id='line_1_1' title="bbox 0 617 48 1584; baseline 0 0"><span class='ocrx_word' id='word_1_1' title='bbox 0 617 48 1584; x_wconf 95' lang='lat' dir='ltr'> </span> 
     </span>
    </p>
   </div>
   <div class='ocr_carea' id='block_1_2' title="bbox 510 175 1611 229">
    <p class='ocr_par' dir='ltr' id='par_1_2' title="bbox 510 175 1611 229">
     <span class='ocr_line' id='line_1_2' title="bbox 510 175 1611 229; baseline -0.003 -8"><span class='ocrx_word' id='word_1_2' title='bbox 510 189 580 221; x_wconf 86' lang='lat' dir='ltr'>DE</span> <span class='ocrx_word' id='word_1_3' title='bbox 607 187 879 221; x_wconf 76' lang='lat' dir='ltr'>APPE&#39;rlTU</span> <span class='ocrx_word' id='word_1_4' title='bbox 909 186 976 218; x_wconf 86' lang='lat' dir='ltr'>ET</span> <span class='ocrx_word' id='word_1_5' title='bbox 1003 185 1164 229; x_wconf 82' lang='lat' dir='ltr'>FUGA,</span> <span class='ocrx_word' id='word_1_6' title='bbox 1192 185 1306 218; x_wconf 86' lang='lat' dir='ltr'>ETc.</span> <span class='ocrx_word' id='word_1_7' title='bbox 1522 175 1611 218; x_wconf 90' lang='lat'>103</span> 
     </span>
    </p>
   </div>
   <div class='ocr_carea' id='block_1_3' title="bbox 228 294 1624 2028">
    <p class='ocr_par' dir='ltr' id='par_1_3' title="bbox 228 294 1614 512">
     <span class='ocr_line' id='line_1_3' title="bbox 294 294 1613 360; baseline -0.003 -14"><span class='ocrx_word' id='word_1_8' title='bbox 294 299 372 357; x_wconf 89' lang='lat' dir='ltr'>Et,</span> <span class='ocrx_word' id='word_1_9' title='bbox 397 298 585 346; x_wconf 86' lang='lat' dir='ltr'>caeteris</span> <span class='ocrx_word' id='word_1_10' title='bbox 607 296 819 360; x_wconf 87' lang='lat' dir='ltr'>paribus,</span> <span class='ocrx_word' id='word_1_11' title='bbox 845 295 975 358; x_wconf 91' lang='lat' dir='ltr'>quod</span> <span class='ocrx_word' id='word_1_12' title='bbox 1000 294 1221 358; x_wconf 89' lang='lat' dir='ltr'>pluribus</span> <span class='ocrx_word' id='word_1_13' title='bbox 1244 295 1443 352; x_wconf 90' lang='lat' dir='ltr'>bonum,</span> <span class='ocrx_word' id='word_1_14' title='bbox 1468 311 1613 357; x_wconf 89' lang='lat' dir='ltr'>quam</span> 
     </span>
     <span class='ocr_line' id='line_1_4' title="bbox 228 370 1614 438; baseline -0.005 -15"><span class='ocrx_word' id='word_1_15' title='bbox 228 374 362 438; x_wconf 92' lang='lat' dir='ltr'>quod</span> <span class='ocrx_word' id='word_1_16' title='bbox 396 374 721 438; x_wconf 86' lang='lat' dir='ltr'>paucioribus.</span> <span class='ocrx_word' id='word_1_17' title='bbox 792 372 920 419; x_wconf 91' lang='lat' dir='ltr'>Nam</span> <span class='ocrx_word' id='word_1_18' title='bbox 955 370 1230 435; x_wconf 85' lang='lat' dir='ltr'>generalius</span> <span class='ocrx_word' id='word_1_19' title='bbox 1268 377 1318 417; x_wconf 90' lang='lat' dir='ltr'>et</span> <span class='ocrx_word' id='word_1_20' title='bbox 1359 370 1614 432; x_wconf 89' lang='lat' dir='ltr'>specialius</span> 
     </span>
     <span class='ocr_line' id='line_1_5' title="bbox 229 447 990 512; baseline -0.008 -13"><span class='ocrx_word' id='word_1_21' title='bbox 229 450 462 498; x_wconf 87' lang='lat' dir='ltr'>differunt</span> <span class='ocrx_word' id='word_1_22' title='bbox 484 457 541 497; x_wconf 94' lang='lat' dir='ltr'>ut</span> <span class='ocrx_word' id='word_1_23' title='bbox 563 449 719 512; x_wconf 90' lang='lat' dir='ltr'>majus</span> <span class='ocrx_word' id='word_1_24' title='bbox 743 454 793 495; x_wconf 92' lang='lat' dir='ltr'>et</span> <span class='ocrx_word' id='word_1_25' title='bbox 816 447 990 495; x_wconf 91' lang='lat' dir='ltr'>minus.</span> 
     </span>
    </p>

    <p class='ocr_par' dir='ltr' id='par_1_4' title="bbox 230 519 1615 740">
     <span class='ocr_line' id='line_1_6' title="bbox 297 519 1614 588; baseline -0.005 -16"><span class='ocrx_word' id='word_1_26' title='bbox 297 525 491 574; x_wconf 92' lang='lat' dir='ltr'>Bonum</span> <span class='ocrx_word' id='word_1_27' title='bbox 526 524 743 588; x_wconf 90' lang='lat' dir='ltr'>recipere</span> <span class='ocrx_word' id='word_1_28' title='bbox 782 539 929 586; x_wconf 90' lang='lat' dir='ltr'>quam</span> <span class='ocrx_word' id='word_1_29' title='bbox 968 537 1070 569; x_wconf 91' lang='lat' dir='ltr'>non</span> <span class='ocrx_word' id='word_1_30' title='bbox 1106 519 1389 584; x_wconf 84' lang='lat' dir='ltr'>perdidisse,</span> <span class='ocrx_word' id='word_1_31' title='bbox 1427 520 1614 567; x_wconf 89' lang='lat' dir='ltr'>melius.</span> 
     </span>
     <span class='ocr_line' id='line_1_7' title="bbox 231 596 1615 661; baseline -0.003 -13"><span class='ocrx_word' id='word_1_32' title='bbox 231 601 360 649; x_wconf 87' lang='lat' dir='ltr'>Nam</span> <span class='ocrx_word' id='word_1_33' title='bbox 396 600 574 648; x_wconf 89' lang='lat' dir='ltr'>rectius</span> <span class='ocrx_word' id='word_1_34' title='bbox 614 599 883 649; x_wconf 88' lang='lat' dir='ltr'>aestimatur</span> <span class='ocrx_word' id='word_1_35' title='bbox 923 604 1122 661; x_wconf 91' lang='lat' dir='ltr'>propter</span> <span class='ocrx_word' id='word_1_36' title='bbox 1163 596 1446 645; x_wconf 82' lang='lat' dir='ltr'>memoriam</span> <span class='ocrx_word' id='word_1_37' title='bbox 1486 597 1615 644; x_wconf 87' lang='lat' dir='ltr'>mali.</span> 
     </span>
     <span class='ocr_line' id='line_1_8' title="bbox 230 672 1614 740; baseline -0.004 -15"><span class='ocrx_word' id='word_1_38' title='bbox 230 678 403 740; x_wconf 87' lang='lat' dir='ltr'>Itaque</span> <span class='ocrx_word' id='word_1_39' title='bbox 427 676 765 724; x_wconf 89' lang='lat' dir='ltr'>convalescere</span> <span class='ocrx_word' id='word_1_40' title='bbox 790 691 934 738; x_wconf 89' lang='lat' dir='ltr'>quam</span> <span class='ocrx_word' id='word_1_41' title='bbox 966 690 1066 721; x_wconf 91' lang='lat' dir='ltr'>non</span> <span class='ocrx_word' id='word_1_42' title='bbox 1100 672 1401 731; x_wconf 85' lang='lat' dir='ltr'>decubuisse,</span> <span class='ocrx_word' id='word_1_43' title='bbox 1427 672 1614 720; x_wconf 88' lang='lat' dir='ltr'>melius.</span> 
     </span>
    </p>

    <p class='ocr_par' dir='ltr' id='par_1_5' title="bbox 228 748 1622 1558">
     <span class='ocr_line' id='line_1_9' title="bbox 302 748 1618 816; baseline -0.004 -16"><span class='ocrx_word' id='word_1_44' title='bbox 302 758 377 801; x_wconf 87' lang='lat'>15.</span> <span class='ocrx_word' id='word_1_45' title='bbox 402 753 476 800; x_wconf 88' lang='lat' dir='ltr'>De</span> <span class='ocrx_word' id='word_1_46' title='bbox 494 751 725 816; x_wconf 87' lang='lat' dir='ltr'>jucundis</span> <span class='ocrx_word' id='word_1_47' title='bbox 744 767 952 816; x_wconf 90' lang='lat' dir='ltr'>quorum</span> <span class='ocrx_word' id='word_1_48' title='bbox 977 758 1051 797; x_wconf 91' lang='lat' dir='ltr'>est</span> <span class='ocrx_word' id='word_1_49' title='bbox 1075 749 1288 807; x_wconf 84' lang='lat' dir='ltr'>satietas,</span> <span class='ocrx_word' id='word_1_50' title='bbox 1314 748 1479 812; x_wconf 90' lang='lat' dir='ltr'>quales</span> <span class='ocrx_word' id='word_1_51' title='bbox 1504 755 1618 796; x_wconf 88' lang='lat' dir='ltr'>sunt</span> 
     </span>
     <span class='ocr_line' id='line_1_10' title="bbox 228 825 1615 891; baseline -0.003 -15"><span class='ocrx_word' id='word_1_52' title='bbox 228 828 503 891; x_wconf 89' lang='lat' dir='ltr'>voluptates</span> <span class='ocrx_word' id='word_1_53' title='bbox 541 827 715 886; x_wconf 86' lang='lat' dir='ltr'>carnis,</span> <span class='ocrx_word' id='word_1_54' title='bbox 754 827 869 891; x_wconf 87' lang='lat' dir='ltr'>quia</span> <span class='ocrx_word' id='word_1_55' title='bbox 899 826 1181 890; x_wconf 88' lang='lat' dir='ltr'>jucunditas</span> <span class='ocrx_word' id='word_1_56' title='bbox 1222 841 1390 873; x_wconf 88' lang='lat' dir='ltr'>eorum</span> <span class='ocrx_word' id='word_1_57' title='bbox 1419 825 1615 873; x_wconf 86' lang='lat' dir='ltr'>fastidio</span> 
     </span>
     <span class='ocr_line' id='line_1_11' title="bbox 229 901 1620 967; baseline -0.003 -15"><span class='ocrx_word' id='word_1_58' title='bbox 229 912 588 967; x_wconf 83' lang='lat' dir='ltr'>compensatur,</span> <span class='ocrx_word' id='word_1_59' title='bbox 621 911 671 951; x_wconf 85' lang='lat' dir='ltr'>et</span> <span class='ocrx_word' id='word_1_60' title='bbox 700 903 845 951; x_wconf 88' lang='lat' dir='ltr'>nimis</span> <span class='ocrx_word' id='word_1_61' title='bbox 876 911 996 951; x_wconf 90' lang='lat' dir='ltr'>nota</span> <span class='ocrx_word' id='word_1_62' title='bbox 1027 910 1158 960; x_wconf 89' lang='lat' dir='ltr'>sunt,</span> <span class='ocrx_word' id='word_1_63' title='bbox 1183 910 1232 949; x_wconf 91' lang='lat' dir='ltr'>et</span> <span class='ocrx_word' id='word_1_64' title='bbox 1256 917 1424 949; x_wconf 87' lang='lat' dir='ltr'>eorum</span> <span class='ocrx_word' id='word_1_65' title='bbox 1456 901 1620 964; x_wconf 87' lang='lat' dir='ltr'>aliqua</span> 
     </span>
     <span class='ocr_line' id='line_1_12' title="bbox 228 977 1620 1037; baseline -0.002 -10"><span class='ocrx_word' id='word_1_66' title='bbox 228 979 415 1037; x_wconf 66' lang='lat' dir='ltr'>faetent,</span> <span class='ocrx_word' id='word_1_67' title='bbox 438 979 560 1027; x_wconf 90' lang='lat' dir='ltr'>nihil</span> <span class='ocrx_word' id='word_1_68' title='bbox 584 978 759 1026; x_wconf 87' lang='lat' dir='ltr'>dicam.</span> <span class='ocrx_word' id='word_1_69' title='bbox 831 979 1085 1026; x_wconf 87' lang='lat' dir='ltr'>Summum</span> <span class='ocrx_word' id='word_1_70' title='bbox 1107 979 1307 1036; x_wconf 90' lang='lat' dir='ltr'>bonum,</span> <span class='ocrx_word' id='word_1_71' title='bbox 1333 977 1432 1024; x_wconf 89' lang='lat' dir='ltr'>sive</span> <span class='ocrx_word' id='word_1_72' title='bbox 1456 984 1512 1025; x_wconf 91' lang='lat' dir='ltr'>ut</span> <span class='ocrx_word' id='word_1_73' title='bbox 1534 994 1620 1025; x_wconf 90' lang='lat' dir='ltr'>vo-</span> 
     </span>
     <span class='ocr_line' id='line_1_13' title="bbox 230 1053 1621 1117; baseline -0.001 -14"><span class='ocrx_word' id='word_1_74' title='bbox 230 1062 384 1114; x_wconf 86' lang='lat' dir='ltr'>catur,</span> <span class='ocrx_word' id='word_1_75' title='bbox 409 1055 616 1103; x_wconf 84' lang='lat' dir='ltr'>felicitas</span> <span class='ocrx_word' id='word_1_76' title='bbox 641 1062 692 1102; x_wconf 91' lang='lat' dir='ltr'>et</span> <span class='ocrx_word' id='word_1_77' title='bbox 714 1055 825 1103; x_wconf 90' lang='lat' dir='ltr'>finis</span> <span class='ocrx_word' id='word_1_78' title='bbox 842 1055 1059 1114; x_wconf 77' lang='lat' dir='ltr'>ultimUS,</span> <span class='ocrx_word' id='word_1_79' title='bbox 1086 1055 1136 1102; x_wconf 90' lang='lat' dir='ltr'>in</span> <span class='ocrx_word' id='word_1_80' title='bbox 1154 1062 1397 1117; x_wconf 80' lang='lat' dir='ltr'>praesente</span> <span class='ocrx_word' id='word_1_81' title='bbox 1420 1053 1522 1102; x_wconf 87' lang='lat' dir='ltr'>vita</span> <span class='ocrx_word' id='word_1_82' title='bbox 1543 1069 1621 1101; x_wconf 91' lang='lat' dir='ltr'>re-</span> 
     </span>
     <span class='ocr_line' id='line_1_14' title="bbox 228 1129 1622 1194; baseline -0.001 -16"><span class='ocrx_word' id='word_1_83' title='bbox 228 1131 378 1194; x_wconf 84' lang='lat' dir='ltr'>periri</span> <span class='ocrx_word' id='word_1_84' title='bbox 406 1147 504 1178; x_wconf 89' lang='lat' dir='ltr'>non</span> <span class='ocrx_word' id='word_1_85' title='bbox 539 1137 716 1194; x_wconf 90' lang='lat' dir='ltr'>potest.</span> <span class='ocrx_word' id='word_1_86' title='bbox 788 1131 915 1178; x_wconf 90' lang='lat' dir='ltr'>Nam</span> <span class='ocrx_word' id='word_1_87' title='bbox 941 1130 982 1178; x_wconf 91' lang='lat' dir='ltr'>si</span> <span class='ocrx_word' id='word_1_88' title='bbox 1005 1130 1115 1178; x_wconf 88' lang='lat' dir='ltr'>finis</span> <span class='ocrx_word' id='word_1_89' title='bbox 1151 1130 1214 1178; x_wconf 85' lang='lat' dir='ltr'>sit</span> <span class='ocrx_word' id='word_1_90' title='bbox 1247 1130 1464 1189; x_wconf 82' lang='lat' dir='ltr'>ultimus,</span> <span class='ocrx_word' id='word_1_91' title='bbox 1500 1129 1622 1177; x_wconf 92' lang='lat' dir='ltr'>nihil</span> 
     </span>
     <span class='ocr_line' id='line_1_15' title="bbox 230 1205 1622 1270; baseline -0.001 -16"><span class='ocrx_word' id='word_1_92' title='bbox 230 1205 547 1265; x_wconf 86' lang='lat' dir='ltr'>desideratur,</span> <span class='ocrx_word' id='word_1_93' title='bbox 594 1206 716 1254; x_wconf 92' lang='lat' dir='ltr'>nihil</span> <span class='ocrx_word' id='word_1_94' title='bbox 757 1207 1031 1270; x_wconf 61' lang='lat' dir='ltr'>appetitum</span> <span class='ocrx_word' id='word_1_95' title='bbox 1078 1206 1209 1254; x_wconf 90' lang='lat' dir='ltr'>unde</span> <span class='ocrx_word' id='word_1_96' title='bbox 1255 1206 1475 1269; x_wconf 89' lang='lat' dir='ltr'>sequitur</span> <span class='ocrx_word' id='word_1_97' title='bbox 1521 1221 1622 1253; x_wconf 91' lang='lat' dir='ltr'>non</span> 
     </span>
     <span class='ocr_line' id='line_1_16' title="bbox 229 1281 1621 1345; baseline 0 -15"><span class='ocrx_word' id='word_1_98' title='bbox 229 1282 377 1330; x_wconf 93' lang='lat' dir='ltr'>modo</span> <span class='ocrx_word' id='word_1_99' title='bbox 401 1281 524 1329; x_wconf 90' lang='lat' dir='ltr'>nihil</span> <span class='ocrx_word' id='word_1_100' title='bbox 552 1282 612 1329; x_wconf 88' lang='lat' dir='ltr'>ab</span> <span class='ocrx_word' id='word_1_101' title='bbox 638 1298 696 1329; x_wconf 91' lang='lat' dir='ltr'>eo</span> <span class='ocrx_word' id='word_1_102' title='bbox 720 1290 942 1345; x_wconf 88' lang='lat' dir='ltr'>tempore</span> <span class='ocrx_word' id='word_1_103' title='bbox 973 1282 1066 1345; x_wconf 91' lang='lat' dir='ltr'>ipsi</span> <span class='ocrx_word' id='word_1_104' title='bbox 1098 1299 1201 1330; x_wconf 91' lang='lat' dir='ltr'>esse</span> <span class='ocrx_word' id='word_1_105' title='bbox 1224 1283 1424 1341; x_wconf 91' lang='lat' dir='ltr'>bonum,</span> <span class='ocrx_word' id='word_1_106' title='bbox 1450 1283 1536 1330; x_wconf 91' lang='lat' dir='ltr'>sed</span> <span class='ocrx_word' id='word_1_107' title='bbox 1559 1299 1621 1330; x_wconf 90' lang='lat' dir='ltr'>ne</span> 
     </span>
     <span class='ocr_line' id='line_1_17' title="bbox 230 1357 1622 1421; baseline 0 -15"><span class='ocrx_word' id='word_1_108' title='bbox 230 1357 412 1406; x_wconf 87' lang='lat' dir='ltr'>sentire</span> <span class='ocrx_word' id='word_1_109' title='bbox 436 1357 633 1421; x_wconf 91' lang='lat' dir='ltr'>quidem</span> <span class='ocrx_word' id='word_1_110' title='bbox 657 1357 920 1405; x_wconf 88' lang='lat' dir='ltr'>hominem.</span> <span class='ocrx_word' id='word_1_111' title='bbox 976 1359 1147 1406; x_wconf 90' lang='lat' dir='ltr'>Omnis</span> <span class='ocrx_word' id='word_1_112' title='bbox 1172 1359 1302 1406; x_wconf 91' lang='lat' dir='ltr'>enim</span> <span class='ocrx_word' id='word_1_113' title='bbox 1326 1358 1484 1407; x_wconf 90' lang='lat' dir='ltr'>sensio</span> <span class='ocrx_word' id='word_1_114' title='bbox 1509 1375 1622 1406; x_wconf 91' lang='lat' dir='ltr'>cum</span> 
     </span>
     <span class='ocr_line' id='line_1_18' title="bbox 230 1433 1622 1497; baseline 0 -15"><span class='ocrx_word' id='word_1_115' title='bbox 230 1433 394 1497; x_wconf 90' lang='lat' dir='ltr'>aliquo</span> <span class='ocrx_word' id='word_1_116' title='bbox 420 1433 640 1497; x_wconf 86' lang='lat' dir='ltr'>appetitu</span> <span class='ocrx_word' id='word_1_117' title='bbox 661 1433 736 1481; x_wconf 82' lang='lat' dir='ltr'>vel</span> <span class='ocrx_word' id='word_1_118' title='bbox 757 1434 874 1497; x_wconf 85' lang='lat' dir='ltr'>fuga</span> <span class='ocrx_word' id='word_1_119' title='bbox 898 1435 1163 1497; x_wconf 88' lang='lat' dir='ltr'>conjuncta</span> <span class='ocrx_word' id='word_1_120' title='bbox 1187 1442 1289 1490; x_wconf 83' lang='lat' dir='ltr'>est3</span> <span class='ocrx_word' id='word_1_121' title='bbox 1316 1442 1365 1482; x_wconf 91' lang='lat' dir='ltr'>et</span> <span class='ocrx_word' id='word_1_122' title='bbox 1388 1451 1489 1482; x_wconf 92' lang='lat' dir='ltr'>non</span> <span class='ocrx_word' id='word_1_123' title='bbox 1513 1450 1622 1482; x_wconf 93' lang='lat' dir='ltr'>sen-</span> 
     </span>
     <span class='ocr_line' id='line_1_19' title="bbox 229 1509 747 1558; baseline 0 -1"><span class='ocrx_word' id='word_1_124' title='bbox 229 1509 324 1557; x_wconf 91' lang='lat' dir='ltr'>tire</span> <span class='ocrx_word' id='word_1_125' title='bbox 349 1516 423 1558; x_wconf 89' lang='lat' dir='ltr'>est</span> <span class='ocrx_word' id='word_1_126' title='bbox 445 1525 546 1557; x_wconf 91' lang='lat' dir='ltr'>non</span> <span class='ocrx_word' id='word_1_127' title='bbox 569 1509 747 1557; x_wconf 87' lang='lat' dir='ltr'>vivere.</span> 
     </span>
    </p>

    <p class='ocr_par' dir='ltr' id='par_1_6' title="bbox 230 1586 1624 2028">
     <span class='ocr_line' id='line_1_20' title="bbox 298 1586 1624 1650; baseline -0.001 -15"><span class='ocrx_word' id='word_1_128' title='bbox 298 1586 549 1635; x_wconf 82' lang='lat' dir='ltr'>Bonorum</span> <span class='ocrx_word' id='word_1_129' title='bbox 579 1593 745 1633; x_wconf 92' lang='lat' dir='ltr'>autem</span> <span class='ocrx_word' id='word_1_130' title='bbox 775 1586 1042 1634; x_wconf 87' lang='lat' dir='ltr'>maximum</span> <span class='ocrx_word' id='word_1_131' title='bbox 1075 1594 1165 1646; x_wconf 88' lang='lat' dir='ltr'>est,</span> <span class='ocrx_word' id='word_1_132' title='bbox 1198 1586 1262 1635; x_wconf 86' lang='lat' dir='ltr'>ad</span> <span class='ocrx_word' id='word_1_133' title='bbox 1287 1588 1408 1634; x_wconf 91' lang='lat' dir='ltr'>fines</span> <span class='ocrx_word' id='word_1_134' title='bbox 1432 1602 1624 1650; x_wconf 88' lang='lat' dir='ltr'>semper</span> 
     </span>
     <span class='ocr_line' id='line_1_21' title="bbox 230 1661 1624 1726; baseline 0 -17"><span class='ocrx_word' id='word_1_135' title='bbox 230 1661 487 1710; x_wconf 86' lang='lat' dir='ltr'>ulteriores</span> <span class='ocrx_word' id='word_1_136' title='bbox 510 1661 710 1709; x_wconf 90' lang='lat' dir='ltr'>minime</span> <span class='ocrx_word' id='word_1_137' title='bbox 733 1661 968 1725; x_wconf 89' lang='lat' dir='ltr'>impedita</span> <span class='ocrx_word' id='word_1_138' title='bbox 989 1662 1280 1726; x_wconf 75' lang='lat' dir='ltr'>progressio,</span> <span class='ocrx_word' id='word_1_139' title='bbox 1334 1663 1447 1726; x_wconf 89' lang='lat' dir='ltr'>Ipsa</span> <span class='ocrx_word' id='word_1_140' title='bbox 1471 1661 1624 1726; x_wconf 88' lang='lat' dir='ltr'>cupiti</span> 
     </span>
     <span class='ocr_line' id='line_1_22' title="bbox 230 1737 1624 1801; baseline -0.001 -15"><span class='ocrx_word' id='word_1_141' title='bbox 230 1737 414 1797; x_wconf 81' lang='lat' dir='ltr'>fruitio,</span> <span class='ocrx_word' id='word_1_142' title='bbox 452 1745 571 1785; x_wconf 89' lang='lat' dir='ltr'>tunc</span> <span class='ocrx_word' id='word_1_143' title='bbox 607 1753 719 1785; x_wconf 90' lang='lat' dir='ltr'>cum</span> <span class='ocrx_word' id='word_1_144' title='bbox 742 1737 964 1797; x_wconf 85' lang='lat' dir='ltr'>fruimur,</span> <span class='ocrx_word' id='word_1_145' title='bbox 988 1738 1234 1801; x_wconf 86' lang='lat' dir='ltr'>appetitus</span> <span class='ocrx_word' id='word_1_146' title='bbox 1270 1746 1360 1798; x_wconf 87' lang='lat' dir='ltr'>est,</span> <span class='ocrx_word' id='word_1_147' title='bbox 1393 1738 1624 1787; x_wconf 90' lang='lat' dir='ltr'>nimirum</span> 
     </span>
     <span class='ocr_line' id='line_1_23' title="bbox 231 1812 1622 1877; baseline 0 -16"><span class='ocrx_word' id='word_1_148' title='bbox 231 1821 394 1862; x_wconf 89' lang='lat' dir='ltr'>motus</span> <span class='ocrx_word' id='word_1_149' title='bbox 434 1812 583 1861; x_wconf 90' lang='lat' dir='ltr'>animi</span> <span class='ocrx_word' id='word_1_150' title='bbox 621 1813 829 1861; x_wconf 91' lang='lat' dir='ltr'>fruentis</span> <span class='ocrx_word' id='word_1_151' title='bbox 868 1830 955 1877; x_wconf 92' lang='lat' dir='ltr'>per</span> <span class='ocrx_word' id='word_1_152' title='bbox 988 1821 1150 1877; x_wconf 90' lang='lat' dir='ltr'>partes</span> <span class='ocrx_word' id='word_1_153' title='bbox 1186 1814 1256 1862; x_wconf 91' lang='lat' dir='ltr'>rei</span> <span class='ocrx_word' id='word_1_154' title='bbox 1294 1830 1392 1877; x_wconf 89' lang='lat' dir='ltr'>qua</span> <span class='ocrx_word' id='word_1_155' title='bbox 1426 1814 1622 1863; x_wconf 87' lang='lat' dir='ltr'>fruitur.</span> 
     </span>
     <span class='ocr_line' id='line_1_24' title="bbox 233 1889 1624 1954; baseline 0.002 -18"><span class='ocrx_word' id='word_1_156' title='bbox 233 1890 362 1937; x_wconf 93' lang='lat' dir='ltr'>Nam</span> <span class='ocrx_word' id='word_1_157' title='bbox 385 1889 488 1937; x_wconf 84' lang='lat' dir='ltr'>vita</span> <span class='ocrx_word' id='word_1_158' title='bbox 510 1895 671 1936; x_wconf 88' lang='lat' dir='ltr'>motus</span> <span class='ocrx_word' id='word_1_159' title='bbox 695 1897 769 1936; x_wconf 88' lang='lat' dir='ltr'>est</span> <span class='ocrx_word' id='word_1_160' title='bbox 791 1896 1071 1953; x_wconf 87' lang='lat' dir='ltr'>perpetuus,</span> <span class='ocrx_word' id='word_1_161' title='bbox 1093 1890 1190 1953; x_wconf 87' lang='lat' dir='ltr'>qui,</span> <span class='ocrx_word' id='word_1_162' title='bbox 1215 1907 1328 1938; x_wconf 90' lang='lat' dir='ltr'>cum</span> <span class='ocrx_word' id='word_1_163' title='bbox 1350 1898 1488 1939; x_wconf 90' lang='lat' dir='ltr'>recta</span> <span class='ocrx_word' id='word_1_164' title='bbox 1509 1907 1624 1954; x_wconf 91' lang='lat' dir='ltr'>pro-</span> 
     </span>
     <span class='ocr_line' id='line_1_25' title="bbox 231 1965 1622 2028; baseline 0.002 -16"><span class='ocrx_word' id='word_1_165' title='bbox 231 1965 371 2028; x_wconf 86' lang='lat' dir='ltr'>gredi</span> <span class='ocrx_word' id='word_1_166' title='bbox 396 1981 493 2012; x_wconf 93' lang='lat' dir='ltr'>non</span> <span class='ocrx_word' id='word_1_167' title='bbox 515 1971 692 2028; x_wconf 88' lang='lat' dir='ltr'>potest,</span> <span class='ocrx_word' id='word_1_168' title='bbox 718 1966 1020 2014; x_wconf 86' lang='lat' dir='ltr'>convertitur</span> <span class='ocrx_word' id='word_1_169' title='bbox 1042 1966 1092 2013; x_wconf 92' lang='lat' dir='ltr'>in</span> <span class='ocrx_word' id='word_1_170' title='bbox 1112 1974 1302 2014; x_wconf 87' lang='lat' dir='ltr'>motum</span> <span class='ocrx_word' id='word_1_171' title='bbox 1320 1966 1622 2015; x_wconf 89' lang='lat' dir='ltr'>circularem.</span> 
     </span>
    </p>
   </div>
   <div class='ocr_carea' id='block_1_4' title="bbox 791 2177 1052 2188">
    <p class='ocr_par' dir='ltr' id='par_1_7' title="bbox 791 2177 1052 2188">
     <span class='ocr_line' id='line_1_26' title="bbox 791 2177 1052 2188; baseline 0 0"><span class='ocrx_word' id='word_1_172' title='bbox 791 2177 1052 2188; x_wconf 95' lang='lat' dir='ltr'> </span> 
     </span>
    </p>
   </div>
   <div class='ocr_carea' id='block_1_5' title="bbox 747 2288 1108 2339">
    <p class='ocr_par' dir='ltr' id='par_1_8' title="bbox 747 2288 1108 2339">
     <span class='ocr_line' id='line_1_27' title="bbox 747 2288 1108 2339; baseline 0.008 -3"><span class='ocrx_word' id='word_1_173' title='bbox 747 2288 961 2337; x_wconf 88' lang='lat' dir='ltr'><strong>CAPUT</strong></span> <span class='ocrx_word' id='word_1_174' title='bbox 994 2291 1108 2339; x_wconf 91' lang='lat' dir='ltr'>XII.</span> 
     </span>
    </p>
   </div>
   <div class='ocr_carea' id='block_1_6' title="bbox 235 2393 1622 2439">
    <p class='ocr_par' dir='ltr' id='par_1_9' title="bbox 235 2393 1622 2439">
     <span class='ocr_line' id='line_1_28' title="bbox 235 2393 1622 2439; baseline 0.004 -13"><span class='ocrx_word' id='word_1_175' title='bbox 235 2393 307 2426; x_wconf 83' lang='lat' dir='ltr'>DE</span> <span class='ocrx_word' id='word_1_176' title='bbox 330 2393 689 2439; x_wconf 81' lang='lat' dir='ltr'>AFFECTIBUS,</span> <span class='ocrx_word' id='word_1_177' title='bbox 708 2395 833 2428; x_wconf 87' lang='lat' dir='ltr'>SIVE</span> <span class='ocrx_word' id='word_1_178' title='bbox 851 2396 1413 2432; x_wconf 85' lang='lat' dir='ltr'>PERTURBATIONIBUS</span> <span class='ocrx_word' id='word_1_179' title='bbox 1434 2398 1622 2432; x_wconf 89' lang='lat' dir='ltr'>ANIMI.</span> 
     </span>
    </p>
   </div>
   <div class='ocr_carea' id='block_1_7' title="bbox 236 2462 1626 2694">
    <p class='ocr_par' dir='ltr' id='par_1_10' title="bbox 236 2462 1626 2694">
     <span class='ocr_line' id='line_1_29' title="bbox 236 2462 1626 2519; baseline 0.001 -15"><span class='ocrx_word' id='word_1_180' title='bbox 236 2465 271 2504; x_wconf 91' lang='lat'>1.</span> <span class='ocrx_word' id='word_1_181' title='bbox 291 2462 536 2502; x_wconf 86' lang='lat' dir='ltr'>Perturbatio</span> <span class='ocrx_word' id='word_1_182' title='bbox 556 2465 672 2502; x_wconf 83' lang='lat' dir='ltr'>animi</span> <span class='ocrx_word' id='word_1_183' title='bbox 701 2465 806 2515; x_wconf 89' lang='lat' dir='ltr'>quid.</span> <span class='ocrx_word' id='word_1_184' title='bbox 858 2468 895 2504; x_wconf 75' lang='lat'>2.</span> <span class='ocrx_word' id='word_1_185' title='bbox 923 2465 1119 2505; x_wconf 86' lang='lat' dir='ltr'>Gaudium</span> <span class='ocrx_word' id='word_1_186' title='bbox 1147 2473 1186 2506; x_wconf 89' lang='lat' dir='ltr'>et</span> <span class='ocrx_word' id='word_1_187' title='bbox 1212 2469 1355 2506; x_wconf 88' lang='lat' dir='ltr'>odium.</span> <span class='ocrx_word' id='word_1_188' title='bbox 1407 2471 1445 2508; x_wconf 83' lang='lat'>3.</span> <span class='ocrx_word' id='word_1_189' title='bbox 1474 2468 1568 2519; x_wconf 87' lang='lat' dir='ltr'>Spes</span> <span class='ocrx_word' id='word_1_190' title='bbox 1587 2473 1626 2506; x_wconf 89' lang='lat' dir='ltr'>et</span> 
     </span>
     <span class='ocr_line' id='line_1_30' title="bbox 285 2525 1623 2580; baseline 0.003 -16"><span class='ocrx_word' id='word_1_191' title='bbox 285 2531 421 2564; x_wconf 84' lang='lat' dir='ltr'>metus.</span> <span class='ocrx_word' id='word_1_192' title='bbox 464 2529 502 2565; x_wconf 80' lang='lat'>4.</span> <span class='ocrx_word' id='word_1_193' title='bbox 522 2526 596 2564; x_wconf 86' lang='lat' dir='ltr'>Ira.</span> <span class='ocrx_word' id='word_1_194' title='bbox 650 2529 686 2566; x_wconf 85' lang='lat'>5.</span> <span class='ocrx_word' id='word_1_195' title='bbox 705 2525 837 2565; x_wconf 81' lang='lat' dir='ltr'>Metus</span> <span class='ocrx_word' id='word_1_196' title='bbox 856 2528 1113 2566; x_wconf 87' lang='lat' dir='ltr'>invisibilium.</span> <span class='ocrx_word' id='word_1_197' title='bbox 1166 2533 1205 2569; x_wconf 88' lang='lat'>6.</span> <span class='ocrx_word' id='word_1_198' title='bbox 1225 2530 1413 2569; x_wconf 77' lang='lat' dir='ltr'>GlorIatio</span> <span class='ocrx_word' id='word_1_199' title='bbox 1431 2535 1469 2568; x_wconf 87' lang='lat' dir='ltr'>et</span> <span class='ocrx_word' id='word_1_200' title='bbox 1486 2531 1623 2580; x_wconf 89' lang='lat' dir='ltr'>pudor.</span> 
     </span>
     <span class='ocr_line' id='line_1_31' title="bbox 285 2587 1623 2632; baseline 0.005 -7"><span class='ocrx_word' id='word_1_201' title='bbox 285 2589 323 2630; x_wconf 89' lang='lat'>7.</span> <span class='ocrx_word' id='word_1_202' title='bbox 339 2587 454 2626; x_wconf 84' lang='lat' dir='ltr'>Risus</span> <span class='ocrx_word' id='word_1_203' title='bbox 466 2593 505 2626; x_wconf 87' lang='lat' dir='ltr'>et</span> <span class='ocrx_word' id='word_1_204' title='bbox 518 2588 640 2626; x_wconf 87' lang='lat' dir='ltr'>fletus.</span> <span class='ocrx_word' id='word_1_205' title='bbox 677 2591 715 2627; x_wconf 92' lang='lat'>8.</span> <span class='ocrx_word' id='word_1_206' title='bbox 730 2588 854 2627; x_wconf 85' lang='lat' dir='ltr'>Amor</span> <span class='ocrx_word' id='word_1_207' title='bbox 865 2602 991 2628; x_wconf 84' lang='lat' dir='ltr'>rerum</span> <span class='ocrx_word' id='word_1_208' title='bbox 1004 2597 1259 2630; x_wconf 83' lang='lat' dir='ltr'>externarum.</span> <span class='ocrx_word' id='word_1_209' title='bbox 1291 2595 1329 2632; x_wconf 87' lang='lat'>9.</span> <span class='ocrx_word' id='word_1_210' title='bbox 1345 2591 1413 2631; x_wconf 91' lang='lat' dir='ltr'>Sui</span> <span class='ocrx_word' id='word_1_211' title='bbox 1425 2593 1623 2632; x_wconf 55' lang='lat' dir='ltr'>aestimatio</span> 
     </span>
     <span class='ocr_line' id='line_1_32' title="bbox 290 2648 1605 2694; baseline 0.003 -5"><span class='ocrx_word' id='word_1_212' title='bbox 290 2652 350 2689; x_wconf 91' lang='lat'>10.</span> <span class='ocrx_word' id='word_1_213' title='bbox 376 2648 656 2688; x_wconf 86' lang='lat' dir='ltr'>Misericordia.</span> <span class='ocrx_word' id='word_1_214' title='bbox 712 2652 772 2688; x_wconf 91' lang='grc'>11.</span> <span class='ocrx_word' id='word_1_215' title='bbox 800 2650 1010 2690; x_wconf 88' lang='lat' dir='ltr'>AEmulatio</span> <span class='ocrx_word' id='word_1_216' title='bbox 1031 2658 1070 2690; x_wconf 90' lang='lat' dir='ltr'>et</span> <span class='ocrx_word' id='word_1_217' title='bbox 1087 2653 1240 2691; x_wconf 88' lang='lat' dir='ltr'>invidia.</span> <span class='ocrx_word' id='word_1_218' title='bbox 1298 2655 1360 2693; x_wconf 81' lang='lat'>12.</span> <span class='ocrx_word' id='word_1_219' title='bbox 1378 2653 1605 2694; x_wconf 79' lang='lat' dir='ltr'>Admiratio-</span> 
     </span>
    </p>
   </div>
   <div class='ocr_carea' id='block_1_8' title="bbox 235 2730 1622 2873">
    <p class='ocr_par' dir='ltr' id='par_1_11' title="bbox 235 2730 1622 2873">
     <span class='ocr_line' id='line_1_33' title="bbox 241 2730 1621 2799; baseline 0.005 -22"><span class='ocrx_word' id='word_1_220' title='bbox 241 2735 281 2778; x_wconf 90' lang='lat' dir='ltr'>l.</span> <span class='ocrx_word' id='word_1_221' title='bbox 307 2730 595 2780; x_wconf 80' lang='lat' dir='ltr'>AFFECTUS</span> <span class='ocrx_word' id='word_1_222' title='bbox 622 2730 722 2778; x_wconf 89' lang='lat' dir='ltr'>sive</span> <span class='ocrx_word' id='word_1_223' title='bbox 736 2731 1153 2795; x_wconf 72' lang='lat' dir='ltr'>perturbationes</span> <span class='ocrx_word' id='word_1_224' title='bbox 1176 2733 1325 2781; x_wconf 88' lang='lat' dir='ltr'>animi</span> <span class='ocrx_word' id='word_1_225' title='bbox 1342 2742 1456 2783; x_wconf 89' lang='lat' dir='ltr'>sunt</span> <span class='ocrx_word' id='word_1_226' title='bbox 1475 2752 1621 2799; x_wconf 91' lang='lat' dir='ltr'>appe-</span> 
     </span>
     <span class='ocr_line' id='line_1_34' title="bbox 235 2805 1622 2873; baseline 0.004 -19"><span class='ocrx_word' id='word_1_227' title='bbox 235 2805 421 2855; x_wconf 88' lang='lat' dir='ltr'>titionis</span> <span class='ocrx_word' id='word_1_228' title='bbox 457 2814 506 2855; x_wconf 89' lang='lat' dir='ltr'>et</span> <span class='ocrx_word' id='word_1_229' title='bbox 539 2807 670 2870; x_wconf 77' lang='lat' dir='ltr'>fugae</span> <span class='ocrx_word' id='word_1_230' title='bbox 705 2807 903 2870; x_wconf 90' lang='lat' dir='ltr'>species,</span> <span class='ocrx_word' id='word_1_231' title='bbox 942 2809 1203 2873; x_wconf 88' lang='lat' dir='ltr'>assumptis</span> <span class='ocrx_word' id='word_1_232' title='bbox 1241 2809 1525 2860; x_wconf 86' lang='lat' dir='ltr'>differentiis</span> <span class='ocrx_word' id='word_1_233' title='bbox 1561 2813 1622 2860; x_wconf 89' lang='lat' dir='ltr'>ab</span> 
     </span>
    </p>
   </div>
   <div class='ocr_carea' id='block_1_9' title="bbox 1668 318 1863 350">
    <p class='ocr_par' dir='ltr' id='par_1_12' title="bbox 1668 318 1863 350">
     <span class='ocr_line' id='line_1_35' title="bbox 1668 318 1863 350; baseline -0.005 0"><span class='ocrx_word' id='word_1_234' title='bbox 1668 318 1798 350; x_wconf 87' lang='lat' dir='ltr'>SECT.</span> <span class='ocrx_word' id='word_1_235' title='bbox 1815 318 1863 350; x_wconf 90' lang='lat'>11.</span> 
     </span>
    </p>
   </div>
   <div class='ocr_carea' id='block_1_10' title="bbox 1745 370 1792 400">
    <p class='ocr_par' dir='ltr' id='par_1_13' title="bbox 1745 370 1792 400">
     <span class='ocr_line' id='line_1_36' title="bbox 1745 370 1792 400; baseline 0 0"><span class='ocrx_word' id='word_1_236' title='bbox 1745 370 1792 400; x_wconf 90' lang='grc'>11.</span> 
     </span>
    </p>
   </div>
   <div class='ocr_carea' id='block_1_11' title="bbox 1672 768 1827 840">
    <p class='ocr_par' dir='ltr' id='par_1_14' title="bbox 1672 768 1827 840">
     <span class='ocr_line' id='line_1_37' title="bbox 1675 768 1827 796; baseline 0 -1"><span class='ocrx_word' id='word_1_237' title='bbox 1675 768 1827 796; x_wconf 87' lang='lat' dir='ltr'>Summum</span> 
     </span>
     <span class='ocr_line' id='line_1_38' title="bbox 1672 812 1789 840; baseline 0 0"><span class='ocrx_word' id='word_1_238' title='bbox 1672 812 1789 840; x_wconf 88' lang='lat' dir='ltr'>bonum.</span> 
     </span>
    </p>
   </div>
   <div class='ocr_carea' id='block_1_12' title="bbox 1660 2751 1846 2833">
    <p class='ocr_par' dir='ltr' id='par_1_15' title="bbox 1660 2751 1846 2833">
     <span class='ocr_line' id='line_1_39' title="bbox 1661 2751 1846 2781; baseline 0 -2"><span class='ocrx_word' id='word_1_239' title='bbox 1661 2751 1846 2781; x_wconf 71' lang='lat' dir='ltr'>perturbatio</span> 
     </span>
     <span class='ocr_line' id='line_1_40' title="bbox 1660 2794 1843 2833; baseline -0.005 -9"><span class='ocrx_word' id='word_1_240' title='bbox 1660 2795 1749 2824; x_wconf 68' lang='lat' dir='ltr'>anirni</span> <span class='ocrx_word' id='word_1_241' title='bbox 1763 2794 1843 2833; x_wconf 88' lang='lat' dir='ltr'>quid.</span> 
     </span>
    </p>
   </div>
  </div>
 </body>
</html>
