1968 3256
444 238 507 284 26
951 253 1021 288 DE
1048 253 1288 289 HOMINE.

198 381 325 415 SEcT.
346 382 394 415 11.
443 362 590 411 lutior
613 380 758 428 quam
786 371 936 414 noctu
969 366 1230 425 videretur,
1266 367 1412 414 etiam
1435 367 1485 414 in
1510 367 1679 417 eadem
1702 370 1812 419 coeli

176 473 178 476 ψ
199 434 387 503 big,
441 445 594 502 parte.
663 441 803 489 Mota
841 442 970 489 enim
1005 443 1107 505 jam
1143 450 1254 490 ante
1289 460 1318 490 a
1348 443 1602 506 splendore
1639 445 1811 494 diurno

164 529 249 579 puna
259 539 350 580 guare
383 574 389 581 ι
441 514 637 564 visionis
661 533 844 580 organa
866 518 929 565 ad
950 525 1138 566 motum
1164 519 1495 582 recipiendum
1518 536 1548 567 a
1569 520 1716 568 radiis
1737 521 1811 570 lu-

162 573 425 654 Ξῑῗξῗζῖἒζᾚῖ
440 591 636 640 naribus
681 594 1102 656 supervenientem
1145 595 1298 657 magis
1355 595 1703 643 contumaciter
1759 598 1810 645 se

162 662 306 699 ‘emm'
318 663 415 689 ΜΨ·
438 667 634 716 habent.
704 669 873 733 Itaque
908 670 1023 717 dum
1050 671 1167 718 luna
1190 670 1392 718 debilius
1428 671 1544 734 agit,
1583 678 1810 720 extremae

440 744 542 806 ejus
559 751 723 807 partes
741 746 1013 793 sensionem
1029 746 1187 793 minus
1207 746 1423 793 efficiunt
1438 746 1651 794 interdiu
1665 762 1810 810 (1113111

438 825 588 866 noctu
608 840 620 874 ;
656 826 705 867 et
732 827 989 884 propterea
1011 821 1136 868 sicut
1157 827 1315 868 turres
1349 821 1596 883 quadratae
1620 821 1809 871 detritis

437 895 626 957 angulis
666 908 903 959 apparent
942 913 968 944 e
1006 897 1272 960 longinquo
1307 897 1548 955 rotundae,
1589 897 1659 945 ita
1693 898 1809 947 luna

436 970 552 1017 licet
564 972 788 1030 rotunda,
805 972 993 1020 detritis
1012 972 1397 1020 extremitatibus
1416 979 1616 1035 apparet
1633 973 1805 1022 minor.

435 1046 618 1094 Eadem
654 1054 816 1095 autem
851 1054 957 1095 tota
993 1047 1190 1095 dilutior
1223 1054 1422 1111 apparet
1450 1055 1650 1111 propter
1673 1049 1807 1097 debir

434 1121 621 1169 litatem
643 1123 863 1181 actionis,
900 1139 1007 1186 quae
1030 1123 1184 1170 oritur
1204 1139 1263 1170 ex
1284 1123 1705 1186 praeoccupatione
1728 1141 1806 1172 or-

434 1214 670 1260 ganorum
688 1215 717 1246 a
734 1199 989 1261 splendore
1008 1199 1210 1247 diurno:
1231 1198 1640 1262 quemadmodum
1659 1200 1806 1248 etiam

434 1274 662 1336 strepitus
678 1274 878 1323 diurnus
891 1275 1023 1334 facit,
1038 1282 1095 1323 ut
1112 1275 1217 1323 soni
1235 1290 1492 1338 corporum
1506 1275 1806 1339 singulorum

433 1349 592 1397 minus
615 1350 949 1398 exaudiantur.

499 1425 655 1472 Causa
688 1432 851 1472 autem
885 1440 1032 1488 quare
1067 1426 1153 1484 sol,
1187 1425 1316 1484 luna,
1354 1432 1403 1473 et
1437 1433 1623 1474 caeterae
1654 1427 1804 1476 stellae

432 1501 638 1562 majores
662 1507 897 1563 apparent
926 1516 1077 1563 prope
1112 1500 1416 1548 horizontem
1440 1517 1586 1564 quam
1620 1502 1680 1549 ab
1714 1502 1804 1550 ho-

433 1576 618 1623 rizonte
652 1575 950 1634 remotiores,
983 1591 1042 1622 ex
1065 1591 1121 1622 eo
1146 1576 1314 1634 oritur,
1352 1576 1480 1638 quod
1503 1593 1612 1624 cum
1636 1577 1803 1627 oculus

434 1651 498 1698 sit
520 1651 571 1698 in
589 1651 855 1714 superficie,
891 1667 990 1698 non
1013 1651 1066 1698 in
1088 1658 1256 1699 centro
1280 1659 1439 1710 terrae,
1475 1653 1631 1716 magis
1654 1653 1803 1702 distat

433 1727 492 1774 ab
533 1727 786 1774 horizonte
827 1717 1123 1790 aspectabili,
1168 1727 1262 1774 hoc
1308 1734 1396 1786 est,
1443 1728 1503 1774 ab
1548 1728 1802 1777 horizonte

433 1803 650 1850 caeruleae
689 1803 815 1869 illius
854 1802 1140 1866 superficiei,
1166 1818 1310 1866 (1113111
1344 1818 1571 1851 vocamus
1610 1804 1801 1864 coelum,

433 1895 576 1940 quam
594 1879 654 1926 ab
679 1879 896 1942 ejusdem
919 1895 1106 1927 summo
1126 1879 1350 1926 culmine.
1408 1879 1511 1927 Etsi
1526 1878 1655 1927 enim
1672 1887 1802 1928 terra

430 1955 492 2002 ad
529 1955 695 2002 orbem
733 1956 885 2003 stellae
922 1957 1250 2018 cujuscunque
1289 1955 1527 2002 rationem
1562 1956 1802 2019 magnitu-

430 2030 556 2078 dinis
597 2031 773 2078 habeat
812 2031 1277 2090 inconsiderabilem,
1314 2047 1491 2094 magna
1524 2037 1688 2078 tamen
1727 2038 1800 2080 est

429 2114 708 2170 comparata
742 2123 852 2154 cum
887 2107 1131 2165 distantia,
1169 2123 1276 2170 quae
1305 2112 1505 2170 apparet
1526 2107 1586 2154 ab
1610 2107 1714 2169 ipsa
1736 2108 1799 2156 ad

426 2183 534 2230 loca
555 2183 803 2230 stellarum
826 2184 1122 2246 apparentia.
1191 2183 1386 2231 Accidit
1412 2198 1527 2246 ergo
1552 2183 1691 2231 oculo
1709 2184 1797 2231 ho-

426 2258 661 2306 rizontem
690 2259 1005 2322 prospicienti
1043 2258 1322 2306 distantiam
1356 2259 1473 2321 ejus,
1510 2264 1690 2306 terram
1723 2259 1797 2307 in-

425 2334 709 2397 terpositam
730 2334 952 2397 legendo,
978 2334 1246 2390 aestimare3
1280 2333 1410 2381 unde
1427 2334 1580 2396 magis
1604 2334 1797 2383 videtur

426 2410 603 2458 distare
627 2427 772 2473 quam
795 2427 824 2458 a
847 2410 970 2458 coelo
990 2426 1193 2458 summo.
1263 2409 1501 2472 Majorem
1518 2416 1680 2457 autem
1699 2411 1794 2459 dis-

423 2486 627 2533 tantiam
672 2493 986 2550 apparentem
1032 2487 1121 2534 sub
1167 2485 1333 2534 eodem
1380 2485 1559 2548 angulo
1613 2486 1792 2535 visorio

423 2562 693 2609 necessario
730 2562 946 2625 sequitur
983 2561 1145 2625 imago
1181 2562 1349 2625 major.
1420 2560 1576 2608 Causa
1612 2569 1791 2619 autem,

425 2653 568 2699 quam
593 2637 673 2684 alii
702 2639 910 2686 afferunt
942 2638 1085 2701 hujus
1120 2636 1440 2701 phaenomeni,
1477 2637 1705 2685 nimirum
1739 2638 1790 2686 id

422 2712 639 2760 accidere
661 2725 860 2777 propter
881 2713 1223 2762 refractionem
1240 2714 1291 2761 in
1314 2712 1651 2776 atmosphaera,
1675 2730 1790 2762 vera

420 2803 519 2836 non
538 2796 626 2847 est,
650 2796 704 2836 ut
727 2790 915 2837 dicetur
936 2797 1117 2853 postea.

486 2870 530 2912 8.
569 2865 734 2914 Quaeri
767 2873 942 2928 potest,
980 2874 1031 2914 et
1066 2883 1096 2914 a
1125 2865 1368 2914 nonnullis
1404 2864 1659 2928 quaesitum
1696 2871 1786 2924 est,

1956 175 1968 341 „mem-15*
1948 78 1953 99 „—
