2020 3262
439 228 535 271 200
949 239 1229 295 LIBERTAs.

182 371 308 403 sne-r.
329 370 398 404 111.
437 365 573 408 vera,
589 348 871 397 illuminans
885 366 1066 397 omnem
1083 349 1316 397 hominem
1331 348 1596 396 venientem
1614 348 1665 395 in
1682 347 1810 397 hunc

195 467 200 476 ,
274 423 304 453 4·
439 424 677 473 mundum.
748 425 871 474 Quae
912 425 1088 485 omnia,
1131 424 1477 488 descriptiones
1517 431 1633 472 sunt
1660 415 1811 473 rectae

439 500 657 560 rationis,
683 501 820 564 cujus
844 500 1107 549 dictamina
1127 500 1259 563 leges
1294 515 1397 547 esse
1430 498 1674 548 naturales
1696 506 1812 548 ante

440 582 686 624 ostensum
709 583 796 624 est.
1040 571 1044 575 ⁴

180 657 398 738 rsssfflimssffi
507 657 553 699 3.
590 651 736 700 Quod
758 657 920 698 autem
943 666 1015 710 ea,
1040 666 1185 714 quam
1214 650 1461 713 posuimus
1496 665 1586 713 pro
1623 660 1818 698 naturaer

179 747 292 772 natum
305 744 397 772 funda
439 727 547 790 lege
559 725 924 784 fundamentali,
933 742 1105 789 nempe
1113 725 1423 789 quaerendam
1437 741 1541 774 esse
1553 741 1741 788 pacem,
1749 725 1814 773 sit

180 787 425 868 ssfflffiss'm,
442 802 588 850 etiam
611 817 799 850 summa
820 801 940 864 legis
969 800 1159 860 divinae,
1175 817 1234 849 ex
1255 801 1331 849 his
1352 801 1472 850 locis
1501 800 1814 849 manifestum
2007 845 2020 870 ,ff

443 878 552 926 erit.
588 878 728 926 Rom.
747 877 815 925 iii.
846 879 904 931 17
921 895 933 923 :
969 876 1183 924 «Iustitia
1208 876 1338 940 (quae
1361 884 1434 925 est
1455 892 1643 924 summa
1658 875 1815 939 legis,)
2004 870 2020 940 ᾖ

441 960 642 1002 vocatur
664 953 746 1000 via
770 952 842 999 ad
854 968 1046 1016 pacem.
1116 952 1238 1000 Psal.
1258 952 1437 1000 lxxxiv.
1467 957 1524 1001 11
1545 971 1564 1007 ;
1600 951 1815 998 Justitia
2010 942 2020 966 ἶ·

443 1036 493 1077 et
510 1046 615 1094 pax
639 1027 878 1076 osculatoe
895 1034 1023 1075 sunt.
1073 1028 1250 1076 Matth.
1269 1045 1313 1076 v.
1333 1034 1385 1075 9:
1422 1027 1581 1075 Beati
1586 1025 1815 1091 pacifici,

443 1104 563 1168 quia
586 1103 698 1165 filii
721 1103 822 1150 Dei
845 1102 1160 1150 vocabuntur.
1233 1104 1296 1150 Et
1330 1109 1588 1166 postquam
1621 1108 1818 1150 sanetus

444 1179 618 1227 Paulus
654 1177 716 1226 ad
745 1178 897 1225 Hebr.
938 1194 1042 1241 cap.
1071 1178 1134 1225 vi.
1171 1194 1314 1225 versu
1349 1177 1536 1237 ultimo,
1565 1176 1816 1225 Christum

449 1254 588 1316 (legis
636 1253 695 1301 de
737 1269 833 1316 qua
874 1253 1050 1316 agitur,
1072 1253 1418 1315 legislatorem)
1463 1254 1652 1301 dixerat
1697 1268 1816 1312 esse,

445 1328 705 1375 secundum
751 1327 972 1374 ordinem
1018 1326 1386 1375 AIelchisedech
1424 1327 1713 1391 pontificem
1765 1327 1817 1375 in

447 1409 675 1450 oeternum
693 1421 712 1457 ;
747 1402 885 1449 addit
910 1403 1067 1465 capite
1091 1403 1326 1465 sequenti,
1350 1419 1492 1450 versu
1515 1403 1687 1465 primo,
1711 1402 1818 1450 Hic

445 1476 817 1524 Melchisedech
841 1483 954 1524 erat
983 1494 1075 1524 γεω
1099 1477 1279 1536 Salem,
1296 1473 1540 1525 ¹sacerdos
1563 1478 1666 1525 Dei
1688 1494 1817 1525 sum-

446 1552 527 1611 mi,
553 1558 646 1600 etc.
714 1552 850 1599 Vers.
876 1558 934 1599 2:
971 1551 1188 1599 Primum
1226 1552 1421 1615 quidem
1457 1552 1544 1615 qui
1569 1553 1817 1617 interpre-

449 1634 587 1674 tatur
623 1643 714 1674 γεω
733 1626 952 1689 justitiae
971 1645 989 1680 ,·
1026 1626 1205 1673 deinde
1237 1632 1401 1673 autem
1439 1633 1488 1674 et
1520 1644 1611 1674 γεω
1637 1627 1817 1685 Salem,

449 1702 584 1766 quod
617 1707 694 1749 est
730 1718 821 1749 γεω
851 1701 1020 1765 pacis.
1089 1702 1163 1748 Ex
1201 1718 1294 1764 quo
1333 1709 1540 1760 constat,
1569 1702 1818 1750 Christum

449 1794 617 1841 regem
640 1777 691 1824 in
714 1792 865 1840 regno
898 1793 984 1824 suo
996 1776 1253 1839 justitiane
1277 1793 1389 1824 cum
1414 1794 1550 1840 pace
1574 1777 1818 1838 colligare.

450 1852 574 1900 Psal.
598 1852 763 1899 xxxiii.
795 1858 881 1899 15:
919 1852 1130 1900 Diserte
1166 1868 1197 1899 a
1229 1852 1371 1911 male,
1407 1859 1457 1900 et
1473 1852 1581 1916 sac
1616 1851 1818 1907 bonum,-

451 1928 648 1991 inquire
661 1944 858 1991 pacem,
877 1933 926 1974 et
947 1943 1250 1991 persequere
1269 1944 1388 1974 eam.
1444 1928 1581 1976 Isaiae
1603 1928 1668 1975 ix.
1693 1933 1739 1986 6,
1765 1929 1819 1982 7:

451 2001 700 2050 Parvulas
724 2002 849 2050 enim
877 2009 953 2050 est
985 2009 1133 2050 natus
1157 2002 1312 2062 nobis,
1336 2009 1386 2049 et
1398 2002 1549 2064 filius
1573 2002 1721 2050 datus
1743 2008 1821 2050 est

451 2077 625 2132 nobis;
661 2077 902 2139 etfactus
933 2084 1009 2125 est
1040 2077 1369 2141 principatus
1400 2094 1552 2141 super
1576 2077 1820 2125 humerum

451 2153 572 2215 ejus,
589 2158 639 2199 et
657 2151 912 2200 vocabitur
931 2169 1098 2200 nomen
1124 2153 1245 2215 ejus,
1265 2152 1595 2211 admirabilis,
1620 2149 1836 2217 consili-⁵

452 2227 608 2286 arius,
633 2227 772 2274 Deus
789 2227 977 2289 sortis,
1006 2234 1164 2291 pater
1181 2227 1361 2290 futuri
1390 2226 1559 2285 seculi,
1579 2226 1821 2290 princeps

448 2302 611 2366 pacis.
681 2303 790 2350 Isai.
828 2302 895 2349 lii.
939 2305 966 2356 7
992 2322 1002 2349 :
1044 2303 1199 2358 Quam
1226 2302 1430 2366 pulchri
1453 2318 1603 2365 super
1636 2307 1821 2349 montes

445 2377 606 2441 pedes
622 2377 956 2442 praedicantis
980 2384 1030 2424 et
1054 2378 1402 2426 annunciantis
1420 2393 1610 2441 pacem,
1636 2393 1822 2424 annun-

454 2453 637 2500 ciantis
662 2452 846 2511 bonum,
857 2452 1192 2516 proedicantis
1217 2452 1440 2509 salutem,
1455 2452 1668 2500 dicentis
1684 2451 1822 2509 Sion,

454 2527 690 2590 regnabit
725 2527 864 2574 Deus
897 2534 1023 2574 tuus.
1093 2527 1208 2575 Luc.
1247 2527 1295 2574 ii.
1339 2531 1426 2574 14:
1479 2527 1531 2573 in
1567 2527 1822 2574 nativitate

455 2602 639 2650 Christi
656 2619 751 2650 vox
773 2602 1075 2650 laudantium
1091 2602 1246 2650 Deum
1263 2609 1313 2649 et
1337 2601 1614 2659 dicentium,
1641 2601 1823 2649 Gloria

453 2677 563 2724 Deo
589 2677 638 2725 in
663 2677 942 2736 altissimis,
968 2684 1017 2724 et
1036 2677 1086 2725 in
1112 2684 1251 2725 terra
1267 2694 1378 2741 pax
1401 2676 1672 2724 hominibus
1691 2676 1826 2726 bona>

455 2752 738 2800 voluntatis.
807 2754 869 2801 Et
906 2754 1014 2801 Isai.
1040 2754 1125 2801 liii.
1170 2760 1225 2800 5:
1263 2759 1465 2800 vocatur
1488 2752 1822 2815 Evangelium,

455 2826 729 2891 disciplina
749 2829 912 2891 pacis.
951 2828 1059 2876 Isai.
1085 2828 1166 2875 lix.
1195 2835 1253 2875 8:
1290 2834 1489 2875 vocatur
1495 2827 1720 2889 justitia,
1744 2828 1826 2876 via
