2020 3262
92 677 99 683 ι
138 619 354 668 libertas
369 638 388 674 ;
423 619 476 667 id
514 634 615 667 non
651 633 808 682 posse,
843 615 1061 664 servitus
1085 614 1366 678 judicatur:
1405 615 1536 678 quod
1552 604 1647 675 {mia
1678 646 1705 674 οἱ

274 278 347 313 DE
367 276 846 313 JURE‘PARENTUM
873 276 935 309 IN
963 275 1218 320 LIBEROS,
1244 276 1361 310 ETc.
1432 267 1528 310 259

139 391 270 440 enim
307 391 439 455 quod
478 392 644 450 sciam,
683 406 713 438 a
750 404 998 453 quoquam
1036 388 1274 451 scriptore
1319 388 1530 451 explica·
1573 410 1702 443 sssc-r,
1723 409 1792 442 111,

137 475 247 516 tum
270 475 360 528 est,
384 467 503 532 quid
525 468 590 516 sit
613 466 843 525 libertas,
867 471 917 512 et
936 463 1054 527 quid
1071 463 1303 511 servitus.
1371 464 1533 527 Vulgo
1586 507 1591 516 ,
1670 461 1703 492 ⁹·

138 544 307 592 omnia
345 550 515 593 nostro
555 542 797 591 arbitratu
833 540 1011 598 facere,
1040 546 1188 602 atque
1229 538 1281 586 id
1319 539 1533 602 impune,
1552 560 1593 631 ¹¹1¹,
1604 569 1662 631 (ξω
1677 559 1818 630 οοῖῗίζιξι

1595 613 1610 631 0
1639 613 1680 636 as,
1693 612 1709 630 e
1762 613 1766 618 ·
1793 612 1818 630 0-

1706 655 1787 674 Vlum

138 695 192 744 in
214 695 432 754 civitate,
469 702 521 743 et
556 711 670 742 cum
708 709 830 758 pace
863 692 1066 740 humani
1088 691 1281 755 generis
1303 691 1413 739 fieri
1435 707 1536 739 non
1553 694 1755 718 memsam·

138 777 332 835 potest;
361 771 485 835 quia
508 770 678 819 civitas
701 770 805 818 sine
839 768 1044 833 imperio
1068 775 1118 816 et
1143 769 1255 831 jure
1279 766 1538 816 coercendi

138 847 275 895 nulla
313 854 402 895 est.
486 847 782 906 LIBERTAS,
822 852 879 894 ut
919 862 1029 894 eam
1069 844 1375 901 definiamus,
1414 843 1538 891 nihil

139 923 275 972 aliud
313 930 388 972 est
425 940 573 988 quam
595 922 827 971 absentia
862 921 1321 988 impedimentorum
1344 927 1503 969 motus
1518 939 1537 974 ;

138 1006 198 1047 ut
230 1016 360 1064 aqua
397 1015 511 1048 vase
549 999 779 1047 conclusa
814 998 925 1046 ideo
952 1014 1056 1046 non
1087 1005 1162 1046 est
1199 996 1381 1055 libera,
1423 996 1540 1060 quia

139 1091 226 1123 vas
266 1075 617 1140 impedimento
659 1082 735 1123 est
774 1090 837 1122 ne
876 1074 1058 1132 effluat,
1100 1089 1209 1136 quae
1239 1072 1399 1121 fracto
1423 1088 1539 1120 vase

139 1150 408 1200 liberatur.
477 1151 542 1199 Et
562 1157 637 1198 est
651 1150 827 1213 cuique
852 1147 1067 1198 liberta-s·
1089 1149 1247 1212 major
1260 1148 1340 1196 vel
1362 1148 1539 1207 minor,

139 1233 289 1292 prout
310 1227 420 1291 plus
442 1226 520 1275 vel
542 1226 703 1274 minus
723 1225 869 1289 spatii
891 1231 968 1273 est
997 1225 1050 1273 in
1074 1241 1172 1288 quo
1195 1231 1447 1281 versatur3
1483 1232 1542 1272 ut

139 1304 377 1367 majorem
411 1303 562 1351 habet
597 1301 886 1350 libertatem
920 1301 1005 1364 qui
1037 1301 1091 1349 in
1125 1301 1288 1364 amplo
1327 1317 1540 1360 carcere,

141 1395 291 1444 quam
332 1378 417 1443 qui
457 1378 510 1426 in
547 1385 756 1442 angusto
792 1377 1083 1425 custoditur.
1153 1377 1217 1424 Et
1247 1383 1412 1440 potest
1437 1393 1541 1425 esse

139 1456 290 1505 homo
313 1454 445 1504 liber
467 1470 637 1503 versus
660 1469 811 1504 unam
828 1460 1036 1518 partem,
1061 1470 1153 1501 nec
1183 1460 1349 1501 tamen
1372 1469 1541 1502 versus

140 1532 377 1587 alteram3
412 1537 470 1579 ut
493 1531 578 1593 qui
600 1530 695 1578 iter
717 1530 902 1578 faciens
927 1530 1122 1593 sepibus
1146 1536 1196 1577 et
1219 1529 1459 1586 maceriis,
1477 1546 1541 1578 ne

140 1607 309 1656 vineas
332 1613 384 1654 et
407 1613 598 1669 segetes
619 1606 711 1653 viae
729 1605 914 1653 vicinas
949 1612 1192 1663 conterat,
1215 1604 1332 1653 hinc
1356 1611 1405 1652 et
1428 1604 1542 1652 inde

141 1683 418 1732 cohibetur.
486 1683 552 1730 Et
573 1681 857 1746 hujusmodi
881 1681 1079 1744 quidem
1096 1681 1447 1744 impedimenta
1462 1697 1546 1729 ex-

142 1766 287 1808 terna
303 1765 354 1807 et
376 1758 604 1806 absoluta
626 1764 769 1806 sunt:
807 1773 905 1821 quo
943 1773 1088 1805 sensu
1122 1773 1290 1805 omnes
1327 1757 1462 1805 servi
1494 1763 1546 1804 et

143 1834 336 1883 subditi
361 1833 514 1882 liberi
545 1840 674 1892 sunt,
701 1833 784 1896 qui
819 1849 921 1881 non
948 1841 1063 1881 sunt
1085 1833 1255 1893 vincti,
1278 1833 1356 1882 vel
1387 1833 1547 1881 incar-

145 1909 316 1959 cerati.
403 1909 517 1958 Alia
557 1917 673 1958 sunt
714 1909 992 1969 arbitraria,
1031 1926 1141 1972 quae
1177 1926 1278 1958 non
1324 1910 1546 1958 absolute

144 1985 422 2050 impediunt
453 1991 659 2045 motum,
685 1985 773 2033 sed
805 2002 894 2049 per
928 1985 1171 2046 accidens,
1194 1986 1428 2034 nimirum
1457 2002 1547 2049 per

145 2062 439 2111 electionem
475 2068 719 2110 nostram:
756 2068 814 2109 ut
847 2061 931 2124 qui
971 2061 1022 2109 in
1054 2078 1179 2110 nave
1212 2069 1301 2122 est,
1338 2078 1439 2110 non
1475 2062 1547 2110 ita

145 2137 412 2202 impeditur
432 2137 552 2201 quin
570 2153 621 2185 se
640 2137 693 2185 in
709 2153 843 2185 mare
857 2137 1165 2201 praecipitare
1178 2138 1350 2202 possit,
1367 2138 1407 2186 si
1421 2138 1546 2187 velle

145 2214 318 2279 possit.
388 2213 552 2277 Atque
589 2213 671 2261 hic
710 2229 919 2277 quoque,
946 2230 1041 2277 quo
1078 2214 1185 2278 quis
1211 2214 1433 2279 pluribus
1455 2215 1546 2263 viis

146 2306 345 2339 movere
383 2305 435 2338 se
474 2297 657 2353 potest,
694 2306 752 2338 eo
779 2290 1016 2353 majorem
1054 2291 1204 2339 habet
1243 2290 1545 2339 libertatem.

147 2366 312 2430 Atque
326 2366 378 2414 in
400 2366 495 2414 hoc
514 2365 739 2414 consistit
762 2365 975 2414 libertas
1000 2366 1170 2415 civilis.
1240 2367 1400 2415 Nemo
1416 2367 1548 2415 enim

147 2442 250 2491 sive
285 2441 531 2501 subditus,
571 2441 672 2489 sive
687 2440 1084 2506 filiuffamilioe,
1114 2443 1216 2491 sive
1252 2459 1441 2502 servm,
1478 2443 1549 2492 ita

148 2518 375 2567 civitatis
399 2518 478 2566 vel
490 2517 672 2583 patri-s·
697 2517 776 2565 vel
801 2517 984 2566 domini
1002 2518 1092 2578 sui,
1107 2525 1359 2583 utcunque
1375 2519 1546 2579 severi,

147 2594 308 2659 poenis
343 2594 611 2658 propositis
649 2593 933 2657 impeditur,
959 2595 1079 2658 quin
1116 2595 1281 2643 omnia
1313 2595 1475 2643 facere
1500 2603 1549 2644 et

149 2670 215 2719 ad
246 2670 411 2719 omnia
449 2686 501 2718 se
541 2677 828 2718 convertere
865 2670 1036 2734 possit,
1071 2686 1179 2734 quae
1214 2671 1279 2720 ad
1309 2671 1462 2719 vitam
1497 2679 1548 2720 et

150 2746 411 2796 sanitatem
449 2745 686 2794 tuendam
722 2753 837 2793 sunt
873 2746 1160 2794 necessaria.
1245 2747 1360 2795 Non
1395 2748 1549 2811 igitur

150 2822 340 2886 reperio
365 2822 484 2886 quid
518 2822 597 2881 sit,
623 2822 684 2870 de
709 2838 806 2886 quo
829 2822 907 2870 vel
939 2838 1112 2870 servus
1141 2823 1400 2886 quisquam
1431 2840 1548 2872 con-

151 2898 292 2962 queri
314 2898 472 2963 possit
507 2915 566 2947 eo
597 2898 795 2948 nomine
829 2898 962 2962 quod
995 2897 1234 2948 libertate
1258 2906 1435 2959 careat,
1455 2900 1549 2948 nisi

1322 2991 1347 3023 s
1375 2991 1394 3020 2
