<?xml version="1.0" encoding="UTF-8"?>
<!DOCTYPE html PUBLIC "-//W3C//DTD XHTML 1.0 Transitional//EN"
    "http://www.w3.org/TR/xhtml1/DTD/xhtml1-transitional.dtd">
<html xmlns="http://www.w3.org/1999/xhtml" xml:lang="en" lang="en">
 <head>
  <title>
</title>
<meta http-equiv="Content-Type" content="text/html;charset=utf-8" />
  <meta name='ocr-system' content='tesseract 3.04.00' />
  <meta name='ocr-capabilities' content='ocr_page ocr_carea ocr_par ocr_line ocrx_word'/>
</head>
<body>
  <div class='ocr_page' id='page_1' title='image "./operaphilosophic02hobbuoft_0376.png"; bbox 0 0 2020 3262; ppageno 0'>
   <div class='ocr_carea' id='block_1_1' title="bbox 483 234 1296 282">
    <p class='ocr_par' dir='ltr' id='par_1_1' title="bbox 483 234 1296 282">
     <span class='ocr_line' id='line_1_1' title="bbox 483 234 1296 282; baseline 0.007 -6"><span class='ocrx_word' id='word_1_1' title='bbox 483 234 578 276; x_wconf 85' lang='lat'>362</span> <span class='ocrx_word' id='word_1_2' title='bbox 1049 248 1296 282; x_wconf 79' lang='lat' dir='ltr'><strong>RELIGIO.</strong></span> 
     </span>
    </p>
   </div>
   <div class='ocr_carea' id='block_1_2' title="bbox 220 355 1866 498">
    <p class='ocr_par' dir='ltr' id='par_1_2' title="bbox 220 355 1866 498">
     <span class='ocr_line' id='line_1_2' title="bbox 220 355 1866 423; baseline 0.005 -22"><span class='ocrx_word' id='word_1_3' title='bbox 220 376 347 408; x_wconf 68' lang='grc' dir='ltr'>εΕςΤ,</span> <span class='ocrx_word' id='word_1_4' title='bbox 375 377 443 408; x_wconf 80' lang='lat'>111,</span> <span class='ocrx_word' id='word_1_5' title='bbox 478 370 621 417; x_wconf 89' lang='lat' dir='ltr'>quem</span> <span class='ocrx_word' id='word_1_6' title='bbox 646 355 722 403; x_wconf 88' lang='lat' dir='ltr'>vel</span> <span class='ocrx_word' id='word_1_7' title='bbox 746 372 867 419; x_wconf 89' lang='lat' dir='ltr'>quos</span> <span class='ocrx_word' id='word_1_8' title='bbox 901 358 1042 423; x_wconf 72' lang='lat' dir='ltr'>leges</span> <span class='ocrx_word' id='word_1_9' title='bbox 1065 360 1178 422; x_wconf 81' lang='lat' dir='ltr'>jam</span> <span class='ocrx_word' id='word_1_10' title='bbox 1217 366 1449 423; x_wconf 73' lang='lat' dir='ltr'>receptas</span> <span class='ocrx_word' id='word_1_11' title='bbox 1473 366 1523 407; x_wconf 90' lang='lat' dir='ltr'>ct</span> <span class='ocrx_word' id='word_1_12' title='bbox 1545 360 1741 408; x_wconf 80' lang='lat' dir='ltr'>verbum</span> <span class='ocrx_word' id='word_1_13' title='bbox 1763 361 1866 410; x_wconf 84' lang='lat' dir='ltr'>Dei</span> 
     </span>
     <span class='ocr_line' id='line_1_3' title="bbox 308 427 1866 498; baseline 0.006 -23"><span class='ocrx_word' id='word_1_14' title='bbox 308 427 357 458; x_wconf 82' lang='lat'>¹⁶·</span> <span class='ocrx_word' id='word_1_15' title='bbox 476 430 718 494; x_wconf 75' lang='lat' dir='ltr'>scriptum</span> <span class='ocrx_word' id='word_1_16' title='bbox 764 433 1137 498; x_wconf 76' lang='lat' dir='ltr'>intrepretandi</span> <span class='ocrx_word' id='word_1_17' title='bbox 1182 435 1418 483; x_wconf 82' lang='lat' dir='ltr'>resideret</span> <span class='ocrx_word' id='word_1_18' title='bbox 1463 436 1760 492; x_wconf 77' lang='lat' dir='ltr'>authoritas3</span> <span class='ocrx_word' id='word_1_19' title='bbox 1812 437 1866 486; x_wconf 88' lang='lat' dir='ltr'>id</span> 
     </span>
    </p>
   </div>
   <div class='ocr_carea' id='block_1_3' title="bbox 191 506 1864 723">
    <p class='ocr_par' dir='ltr' id='par_1_3' title="bbox 191 506 1864 723">
     <span class='ocr_line' id='line_1_4' title="bbox 194 506 1864 575; baseline 0.004 -23"><span class='ocrx_word' id='word_1_20' title='bbox 194 515 420 566; x_wconf 56' lang='lat' dir='ltr'>Potestaoengin-</span> <span class='ocrx_word' id='word_1_21' title='bbox 477 506 607 568; x_wconf 91' lang='lat' dir='ltr'>quod</span> <span class='ocrx_word' id='word_1_22' title='bbox 629 523 718 570; x_wconf 89' lang='lat' dir='ltr'>per</span> <span class='ocrx_word' id='word_1_23' title='bbox 735 508 925 572; x_wconf 80' lang='lat' dir='ltr'>singula</span> <span class='ocrx_word' id='word_1_24' title='bbox 948 518 1170 573; x_wconf 90' lang='lat' dir='ltr'>tempora</span> <span class='ocrx_word' id='word_1_25' title='bbox 1192 520 1242 558; x_wconf 91' lang='lat' dir='ltr'>et</span> <span class='ocrx_word' id='word_1_26' title='bbox 1264 511 1559 559; x_wconf 88' lang='lat' dir='ltr'>mutationes</span> <span class='ocrx_word' id='word_1_27' title='bbox 1583 511 1864 575; x_wconf 77' lang='lat' dir='ltr'>reipublicae</span> 
     </span>
     <span class='ocr_line' id='line_1_5' title="bbox 192 560 1277 647; baseline 0.003 -18"><span class='ocrx_word' id='word_1_28' title='bbox 192 560 446 636; x_wconf 43' lang='lat' dir='ltr'>iffiriissiidgtver‘</span> <span class='ocrx_word' id='word_1_29' title='bbox 476 580 757 631; x_wconf 86' lang='lat' dir='ltr'>Israeliticae</span> <span class='ocrx_word' id='word_1_30' title='bbox 775 584 1165 647; x_wconf 87' lang='lat' dir='ltr'>investigandum</span> <span class='ocrx_word' id='word_1_31' title='bbox 1190 592 1277 632; x_wconf 90' lang='lat' dir='ltr'>est.</span> 
     </span>
     <span class='ocr_line' id='line_1_6' title="bbox 191 649 1863 723; baseline 0.004 -20"><span class='ocrx_word' id='word_1_32' title='bbox 191 654 335 673; x_wconf 70' lang='lat' dir='ltr'>⁸¹¹m¹¹¹⁸¹¹¹</span> <span class='ocrx_word' id='word_1_33' title='bbox 349 649 440 683; x_wconf 50' lang='lat'>9⁰¹³*</span> <span class='ocrx_word' id='word_1_34' title='bbox 541 658 859 707; x_wconf 85' lang='lat' dir='ltr'>Manifestum</span> <span class='ocrx_word' id='word_1_35' title='bbox 882 669 1045 707; x_wconf 90' lang='lat' dir='ltr'>autem</span> <span class='ocrx_word' id='word_1_36' title='bbox 1078 668 1151 708; x_wconf 88' lang='lat' dir='ltr'>est</span> <span class='ocrx_word' id='word_1_37' title='bbox 1179 667 1477 723; x_wconf 87' lang='lat' dir='ltr'>potestatem</span> <span class='ocrx_word' id='word_1_38' title='bbox 1500 661 1642 719; x_wconf 85' lang='lat' dir='ltr'>hanc,</span> <span class='ocrx_word' id='word_1_39' title='bbox 1665 661 1863 709; x_wconf 87' lang='lat' dir='ltr'>vivente</span> 
     </span>
    </p>
   </div>
   <div class='ocr_carea' id='block_1_4' title="bbox 193 689 419 724">
    <p class='ocr_par' dir='ltr' id='par_1_4' title="bbox 193 689 419 724">
     <span class='ocr_line' id='line_1_7' title="bbox 193 689 419 724; baseline 0.009 -9"><span class='ocrx_word' id='word_1_40' title='bbox 193 691 282 716; x_wconf 81' lang='lat' dir='ltr'>tatem</span> <span class='ocrx_word' id='word_1_41' title='bbox 296 689 419 724; x_wconf 81' lang='lat' dir='ltr'>civilem,</span> 
     </span>
    </p>
   </div>
   <div class='ocr_carea' id='block_1_5' title="bbox 191 731 1869 2981">
    <p class='ocr_par' dir='ltr' id='par_1_5' title="bbox 191 731 1869 2981">
     <span class='ocr_line' id='line_1_8' title="bbox 192 731 1864 804; baseline 0.004 -26"><span class='ocrx_word' id='word_1_42' title='bbox 192 731 458 804; x_wconf 47' lang='grc' dir='ltr'>ξῐῗῐξὲᾙῗῇῗξδθ</span> <span class='ocrx_word' id='word_1_43' title='bbox 476 732 630 791; x_wconf 87' lang='lat' dir='ltr'>Mose,</span> <span class='ocrx_word' id='word_1_44' title='bbox 673 741 828 781; x_wconf 88' lang='lat' dir='ltr'>totam</span> <span class='ocrx_word' id='word_1_45' title='bbox 874 735 1021 783; x_wconf 88' lang='lat' dir='ltr'>fuisse</span> <span class='ocrx_word' id='word_1_46' title='bbox 1066 751 1215 798; x_wconf 92' lang='lat' dir='ltr'>penes</span> <span class='ocrx_word' id='word_1_47' title='bbox 1262 736 1436 798; x_wconf 90' lang='lat' dir='ltr'>ipsum.</span> <span class='ocrx_word' id='word_1_48' title='bbox 1508 736 1637 783; x_wconf 89' lang='lat' dir='ltr'>Nam</span> <span class='ocrx_word' id='word_1_49' title='bbox 1679 736 1720 783; x_wconf 88' lang='lat' dir='ltr'>si</span> <span class='ocrx_word' id='word_1_50' title='bbox 1759 736 1864 799; x_wconf 85' lang='lat' dir='ltr'>ipse</span> 
     </span>
     <span class='ocr_line' id='line_1_9' title="bbox 191 797 1865 874; baseline 0.008 -29"><span class='ocrx_word' id='word_1_51' title='bbox 191 797 332 847; x_wconf 50' lang='lat' dir='ltr'>viveret,</span> <span class='ocrx_word' id='word_1_52' title='bbox 475 807 726 872; x_wconf 72' lang='lat' dir='ltr'>interpres</span> <span class='ocrx_word' id='word_1_53' title='bbox 766 809 932 874; x_wconf 81' lang='lat' dir='ltr'>legum</span> <span class='ocrx_word' id='word_1_54' title='bbox 978 818 1027 857; x_wconf 90' lang='lat' dir='ltr'>et</span> <span class='ocrx_word' id='word_1_55' title='bbox 1067 810 1205 857; x_wconf 79' lang='lat' dir='ltr'>verbi</span> <span class='ocrx_word' id='word_1_56' title='bbox 1250 827 1349 858; x_wconf 93' lang='lat' dir='ltr'>non</span> <span class='ocrx_word' id='word_1_57' title='bbox 1391 818 1533 868; x_wconf 90' lang='lat' dir='ltr'>esset,</span> <span class='ocrx_word' id='word_1_58' title='bbox 1573 818 1768 874; x_wconf 83' lang='lat' dir='ltr'>oportet</span> <span class='ocrx_word' id='word_1_59' title='bbox 1803 819 1865 859; x_wconf 86' lang='lat' dir='ltr'>ut</span> 
     </span>
     <span class='ocr_line' id='line_1_10' title="bbox 474 884 1862 950; baseline 0.003 -20"><span class='ocrx_word' id='word_1_60' title='bbox 474 899 651 931; x_wconf 88' lang='lat' dir='ltr'>munus</span> <span class='ocrx_word' id='word_1_61' title='bbox 685 884 807 931; x_wconf 89' lang='lat' dir='ltr'>illud</span> <span class='ocrx_word' id='word_1_62' title='bbox 839 885 1131 947; x_wconf 85' lang='lat' dir='ltr'>pertinuerit</span> <span class='ocrx_word' id='word_1_63' title='bbox 1161 886 1238 933; x_wconf 91' lang='lat' dir='ltr'>vel</span> <span class='ocrx_word' id='word_1_64' title='bbox 1270 886 1334 933; x_wconf 87' lang='lat' dir='ltr'>ad</span> <span class='ocrx_word' id='word_1_65' title='bbox 1360 886 1588 950; x_wconf 72' lang='lat' dir='ltr'>singulos</span> <span class='ocrx_word' id='word_1_66' title='bbox 1617 886 1862 949; x_wconf 86' lang='lat' dir='ltr'>privatim,</span> 
     </span>
     <span class='ocr_line' id='line_1_11' title="bbox 473 958 1864 1026; baseline 0.004 -22"><span class='ocrx_word' id='word_1_67' title='bbox 473 958 551 1005; x_wconf 89' lang='lat' dir='ltr'>vel</span> <span class='ocrx_word' id='word_1_68' title='bbox 583 958 646 1005; x_wconf 89' lang='lat' dir='ltr'>ad</span> <span class='ocrx_word' id='word_1_69' title='bbox 668 961 1111 1022; x_wconf 80' lang='lat' dir='ltr'>congregationem</span> <span class='ocrx_word' id='word_1_70' title='bbox 1152 962 1251 1009; x_wconf 89' lang='lat' dir='ltr'>sive</span> <span class='ocrx_word' id='word_1_71' title='bbox 1287 978 1603 1026; x_wconf 70' lang='lat' dir='ltr'>synagogam</span> <span class='ocrx_word' id='word_1_72' title='bbox 1633 962 1864 1026; x_wconf 87' lang='lat' dir='ltr'>plurium,</span> 
     </span>
     <span class='ocr_line' id='line_1_12' title="bbox 473 1033 1862 1102; baseline 0.004 -22"><span class='ocrx_word' id='word_1_73' title='bbox 473 1034 549 1080; x_wconf 86' lang='lat' dir='ltr'>vel</span> <span class='ocrx_word' id='word_1_74' title='bbox 574 1033 637 1080; x_wconf 91' lang='lat' dir='ltr'>ad</span> <span class='ocrx_word' id='word_1_75' title='bbox 660 1050 888 1081; x_wconf 73' lang='lat' dir='ltr'><em>summum</em></span> <span class='ocrx_word' id='word_1_76' title='bbox 911 1036 1236 1096; x_wconf 76' lang='lat' dir='ltr'>sacerdotem,</span> <span class='ocrx_word' id='word_1_77' title='bbox 1251 1037 1328 1084; x_wconf 86' lang='lat' dir='ltr'>vel</span> <span class='ocrx_word' id='word_1_78' title='bbox 1347 1038 1410 1085; x_wconf 88' lang='lat' dir='ltr'>ad</span> <span class='ocrx_word' id='word_1_79' title='bbox 1428 1038 1546 1085; x_wconf 90' lang='lat' dir='ltr'>alios</span> <span class='ocrx_word' id='word_1_80' title='bbox 1560 1038 1862 1102; x_wconf 74' lang='lat' dir='ltr'>prophetas.</span> 
     </span>
     <span class='ocr_line' id='line_1_13' title="bbox 475 1109 1869 1175; baseline 0.004 -20"><span class='ocrx_word' id='word_1_81' title='bbox 475 1109 652 1167; x_wconf 89' lang='lat' dir='ltr'>Primo,</span> <span class='ocrx_word' id='word_1_82' title='bbox 678 1126 854 1157; x_wconf 90' lang='lat' dir='ltr'>munus</span> <span class='ocrx_word' id='word_1_83' title='bbox 885 1111 1006 1158; x_wconf 91' lang='lat' dir='ltr'>illud</span> <span class='ocrx_word' id='word_1_84' title='bbox 1033 1112 1233 1159; x_wconf 89' lang='lat' dir='ltr'>minime</span> <span class='ocrx_word' id='word_1_85' title='bbox 1266 1112 1415 1159; x_wconf 87' lang='lat' dir='ltr'>fuisse</span> <span class='ocrx_word' id='word_1_86' title='bbox 1438 1113 1742 1175; x_wconf 87' lang='lat' dir='ltr'>privatorum</span> <span class='ocrx_word' id='word_1_87' title='bbox 1774 1113 1869 1161; x_wconf 72' lang='lat' dir='ltr'>ho-</span> 
     </span>
     <span class='ocr_line' id='line_1_14' title="bbox 474 1185 1862 1250; baseline 0.004 -20"><span class='ocrx_word' id='word_1_88' title='bbox 474 1185 675 1242; x_wconf 90' lang='lat' dir='ltr'>minum,</span> <span class='ocrx_word' id='word_1_89' title='bbox 693 1191 779 1231; x_wconf 90' lang='lat' dir='ltr'>aut</span> <span class='ocrx_word' id='word_1_90' title='bbox 798 1187 1190 1249; x_wconf 88' lang='lat' dir='ltr'>congregationis</span> <span class='ocrx_word' id='word_1_91' title='bbox 1212 1203 1271 1234; x_wconf 82' lang='lat' dir='ltr'>ex</span> <span class='ocrx_word' id='word_1_92' title='bbox 1295 1187 1388 1234; x_wconf 90' lang='lat' dir='ltr'>illis</span> <span class='ocrx_word' id='word_1_93' title='bbox 1408 1188 1708 1250; x_wconf 88' lang='lat' dir='ltr'>compositae,</span> <span class='ocrx_word' id='word_1_94' title='bbox 1728 1204 1788 1235; x_wconf 90' lang='lat' dir='ltr'>ex</span> <span class='ocrx_word' id='word_1_95' title='bbox 1803 1204 1862 1236; x_wconf 91' lang='lat' dir='ltr'>eo</span> 
     </span>
     <span class='ocr_line' id='line_1_15' title="bbox 474 1261 1862 1325; baseline 0.004 -19"><span class='ocrx_word' id='word_1_96' title='bbox 474 1268 665 1307; x_wconf 86' lang='lat' dir='ltr'>constat</span> <span class='ocrx_word' id='word_1_97' title='bbox 698 1261 831 1323; x_wconf 91' lang='lat' dir='ltr'>quod</span> <span class='ocrx_word' id='word_1_98' title='bbox 866 1277 967 1308; x_wconf 90' lang='lat' dir='ltr'>non</span> <span class='ocrx_word' id='word_1_99' title='bbox 1004 1262 1226 1321; x_wconf 84' lang='lat' dir='ltr'>adhibiti,</span> <span class='ocrx_word' id='word_1_100' title='bbox 1264 1263 1362 1310; x_wconf 90' lang='lat' dir='ltr'>imo</span> <span class='ocrx_word' id='word_1_101' title='bbox 1399 1263 1632 1325; x_wconf 90' lang='lat' dir='ltr'>prohibiti</span> <span class='ocrx_word' id='word_1_102' title='bbox 1661 1263 1862 1322; x_wconf 87' lang='lat' dir='ltr'>fuerint,</span> 
     </span>
     <span class='ocr_line' id='line_1_16' title="bbox 472 1335 1862 1401; baseline 0.004 -20"><span class='ocrx_word' id='word_1_103' title='bbox 472 1335 770 1398; x_wconf 86' lang='lat' dir='ltr'>gravissimis</span> <span class='ocrx_word' id='word_1_104' title='bbox 794 1336 956 1395; x_wconf 87' lang='lat' dir='ltr'>minis,</span> <span class='ocrx_word' id='word_1_105' title='bbox 980 1352 1042 1383; x_wconf 94' lang='lat' dir='ltr'>ne</span> <span class='ocrx_word' id='word_1_106' title='bbox 1066 1337 1208 1384; x_wconf 89' lang='lat' dir='ltr'>aliter</span> <span class='ocrx_word' id='word_1_107' title='bbox 1232 1354 1377 1401; x_wconf 88' lang='lat' dir='ltr'>quam</span> <span class='ocrx_word' id='word_1_108' title='bbox 1399 1353 1488 1400; x_wconf 90' lang='lat' dir='ltr'>per</span> <span class='ocrx_word' id='word_1_109' title='bbox 1511 1338 1686 1386; x_wconf 91' lang='lat' dir='ltr'>Mosen</span> <span class='ocrx_word' id='word_1_110' title='bbox 1701 1339 1862 1388; x_wconf 84' lang='lat' dir='ltr'>Deum</span> 
     </span>
     <span class='ocr_line' id='line_1_17' title="bbox 473 1410 1860 1476; baseline 0.004 -19"><span class='ocrx_word' id='word_1_111' title='bbox 473 1410 726 1458; x_wconf 76' lang='lat' dir='ltr'>audirent.</span> <span class='ocrx_word' id='word_1_112' title='bbox 799 1410 928 1457; x_wconf 90' lang='lat' dir='ltr'>Nam</span> <span class='ocrx_word' id='word_1_113' title='bbox 956 1412 1193 1474; x_wconf 86' lang='lat' dir='ltr'>scriptum</span> <span class='ocrx_word' id='word_1_114' title='bbox 1217 1420 1290 1460; x_wconf 87' lang='lat' dir='ltr'>est</span> <span class='ocrx_word' id='word_1_115' title='bbox 1317 1413 1490 1473; x_wconf 85' lang='lat' dir='ltr'>(Exod.</span> <span class='ocrx_word' id='word_1_116' title='bbox 1509 1413 1607 1461; x_wconf 84' lang='lat' dir='ltr'>xix.</span> <span class='ocrx_word' id='word_1_117' title='bbox 1633 1421 1714 1473; x_wconf 86' lang='lat'>24,</span> <span class='ocrx_word' id='word_1_118' title='bbox 1739 1415 1824 1476; x_wconf 84' lang='lat'>25)</span> <span class='ocrx_word' id='word_1_119' title='bbox 1847 1434 1860 1462; x_wconf 89' lang='lat'>:</span> 
     </span>
     <span class='ocr_line' id='line_1_18' title="bbox 472 1485 1860 1550; baseline 0.004 -18"><span class='ocrx_word' id='word_1_120' title='bbox 472 1485 774 1532; x_wconf 72' lang='lat' dir='ltr'>Sacerdotes</span> <span class='ocrx_word' id='word_1_121' title='bbox 793 1491 956 1532; x_wconf 79' lang='lat' dir='ltr'>autem</span> <span class='ocrx_word' id='word_1_122' title='bbox 971 1486 1245 1550; x_wconf 71' lang='lat' dir='ltr'>etpopzdus</span> <span class='ocrx_word' id='word_1_123' title='bbox 1259 1503 1320 1533; x_wconf 89' lang='lat' dir='ltr'>ne</span> <span class='ocrx_word' id='word_1_124' title='bbox 1335 1493 1596 1535; x_wconf 72' lang='lat' dir='ltr'>transeant</span> <span class='ocrx_word' id='word_1_125' title='bbox 1611 1489 1860 1549; x_wconf 73' lang='lat' dir='ltr'>terminos,</span> 
     </span>
     <span class='ocr_line' id='line_1_19' title="bbox 470 1560 1863 1627; baseline 0.005 -21"><span class='ocrx_word' id='word_1_126' title='bbox 470 1577 559 1607; x_wconf 89' lang='lat' dir='ltr'>nec</span> <span class='ocrx_word' id='word_1_127' title='bbox 599 1560 874 1607; x_wconf 71' lang='lat' dir='ltr'>ascendant</span> <span class='ocrx_word' id='word_1_128' title='bbox 910 1561 983 1608; x_wconf 84' lang='lat' dir='ltr'>ad</span> <span class='ocrx_word' id='word_1_129' title='bbox 1013 1561 1288 1620; x_wconf 79' lang='lat' dir='ltr'>Dominum,</span> <span class='ocrx_word' id='word_1_130' title='bbox 1324 1579 1385 1609; x_wconf 86' lang='lat' dir='ltr'>ne</span> <span class='ocrx_word' id='word_1_131' title='bbox 1401 1562 1555 1624; x_wconf 81' lang='lat' dir='ltr'>sorte</span> <span class='ocrx_word' id='word_1_132' title='bbox 1589 1563 1863 1627; x_wconf 66' lang='lat' dir='ltr'>interficiat</span> 
     </span>
     <span class='ocr_line' id='line_1_20' title="bbox 470 1634 1862 1703; baseline 0.005 -22"><span class='ocrx_word' id='word_1_133' title='bbox 470 1635 601 1682; x_wconf 70' lang='lat' dir='ltr'>illos.</span> <span class='ocrx_word' id='word_1_134' title='bbox 671 1634 1044 1700; x_wconf 73' lang='lat' dir='ltr'>Descenditque</span> <span class='ocrx_word' id='word_1_135' title='bbox 1077 1637 1250 1684; x_wconf 74' lang='lat' dir='ltr'>Mose-s·</span> <span class='ocrx_word' id='word_1_136' title='bbox 1277 1637 1350 1685; x_wconf 83' lang='lat' dir='ltr'>ad</span> <span class='ocrx_word' id='word_1_137' title='bbox 1364 1637 1605 1703; x_wconf 79' lang='lat' dir='ltr'>populum</span> <span class='ocrx_word' id='word_1_138' title='bbox 1627 1646 1676 1687; x_wconf 86' lang='lat' dir='ltr'>et</span> <span class='ocrx_word' id='word_1_139' title='bbox 1699 1641 1862 1689; x_wconf 87' lang='lat' dir='ltr'>omnia</span> 
     </span>
     <span class='ocr_line' id='line_1_21' title="bbox 470 1711 1859 1779; baseline 0.005 -22"><span class='ocrx_word' id='word_1_140' title='bbox 470 1711 702 1758; x_wconf 80' lang='lat' dir='ltr'>narravit</span> <span class='ocrx_word' id='word_1_141' title='bbox 738 1711 827 1759; x_wconf 70' lang='lat' dir='ltr'>eis.</span> <span class='ocrx_word' id='word_1_142' title='bbox 897 1712 1102 1771; x_wconf 91' lang='lat' dir='ltr'>Deinde,</span> <span class='ocrx_word' id='word_1_143' title='bbox 1127 1713 1260 1776; x_wconf 88' lang='lat' dir='ltr'>quod</span> <span class='ocrx_word' id='word_1_144' title='bbox 1295 1729 1454 1776; x_wconf 90' lang='lat' dir='ltr'>neque</span> <span class='ocrx_word' id='word_1_145' title='bbox 1483 1713 1678 1777; x_wconf 79' lang='lat' dir='ltr'>singuli,</span> <span class='ocrx_word' id='word_1_146' title='bbox 1701 1731 1859 1779; x_wconf 79' lang='lat' dir='ltr'>neque</span> 
     </span>
     <span class='ocr_line' id='line_1_22' title="bbox 471 1787 1860 1853; baseline 0.004 -20"><span class='ocrx_word' id='word_1_147' title='bbox 471 1787 786 1849; x_wconf 88' lang='lat' dir='ltr'>congregatio</span> <span class='ocrx_word' id='word_1_148' title='bbox 805 1787 980 1835; x_wconf 87' lang='lat' dir='ltr'>debeat</span> <span class='ocrx_word' id='word_1_149' title='bbox 993 1789 1313 1851; x_wconf 76' lang='lat' dir='ltr'>praetendere,</span> <span class='ocrx_word' id='word_1_150' title='bbox 1335 1789 1467 1852; x_wconf 91' lang='lat' dir='ltr'>quod</span> <span class='ocrx_word' id='word_1_151' title='bbox 1490 1790 1622 1838; x_wconf 88' lang='lat' dir='ltr'>Deus</span> <span class='ocrx_word' id='word_1_152' title='bbox 1645 1806 1734 1853; x_wconf 89' lang='lat' dir='ltr'>per</span> <span class='ocrx_word' id='word_1_153' title='bbox 1750 1791 1860 1840; x_wconf 87' lang='lat' dir='ltr'>illos</span> 
     </span>
     <span class='ocr_line' id='line_1_23' title="bbox 469 1861 1863 1927; baseline 0.004 -19"><span class='ocrx_word' id='word_1_154' title='bbox 469 1861 702 1922; x_wconf 90' lang='lat' dir='ltr'>loquutus</span> <span class='ocrx_word' id='word_1_155' title='bbox 731 1862 810 1920; x_wconf 92' lang='lat' dir='ltr'>sit,</span> <span class='ocrx_word' id='word_1_156' title='bbox 832 1870 882 1909; x_wconf 89' lang='lat' dir='ltr'>et</span> <span class='ocrx_word' id='word_1_157' title='bbox 915 1879 1004 1925; x_wconf 91' lang='lat' dir='ltr'>per</span> <span class='ocrx_word' id='word_1_158' title='bbox 1040 1879 1357 1926; x_wconf 89' lang='lat' dir='ltr'>consequens,</span> <span class='ocrx_word' id='word_1_159' title='bbox 1384 1863 1516 1927; x_wconf 90' lang='lat' dir='ltr'>quod</span> <span class='ocrx_word' id='word_1_160' title='bbox 1543 1864 1638 1927; x_wconf 89' lang='lat' dir='ltr'>ipsi</span> <span class='ocrx_word' id='word_1_161' title='bbox 1664 1865 1863 1914; x_wconf 82' lang='lat' dir='ltr'>verbum</span> 
     </span>
     <span class='ocr_line' id='line_1_24' title="bbox 469 1936 1861 2000; baseline 0.005 -18"><span class='ocrx_word' id='word_1_162' title='bbox 469 1936 573 1983; x_wconf 87' lang='lat' dir='ltr'>Dei</span> <span class='ocrx_word' id='word_1_163' title='bbox 604 1936 976 2000; x_wconf 77' lang='lat' dir='ltr'>interpretandi</span> <span class='ocrx_word' id='word_1_164' title='bbox 999 1938 1089 1999; x_wconf 73' lang='lat' dir='ltr'>jus</span> <span class='ocrx_word' id='word_1_165' title='bbox 1119 1938 1347 1997; x_wconf 85' lang='lat' dir='ltr'>habeant,</span> <span class='ocrx_word' id='word_1_166' title='bbox 1373 1945 1481 1986; x_wconf 88' lang='lat' dir='ltr'>orta</span> <span class='ocrx_word' id='word_1_167' title='bbox 1512 1940 1767 1988; x_wconf 86' lang='lat' dir='ltr'>occasione</span> <span class='ocrx_word' id='word_1_168' title='bbox 1801 1957 1861 1989; x_wconf 85' lang='lat' dir='ltr'>ex</span> 
     </span>
     <span class='ocr_line' id='line_1_25' title="bbox 470 2011 1860 2072; baseline 0.004 -14"><span class='ocrx_word' id='word_1_169' title='bbox 470 2011 708 2058; x_wconf 89' lang='lat' dir='ltr'>seditione</span> <span class='ocrx_word' id='word_1_170' title='bbox 734 2012 872 2070; x_wconf 90' lang='lat' dir='ltr'>Core,</span> <span class='ocrx_word' id='word_1_171' title='bbox 898 2013 1110 2070; x_wconf 90' lang='lat' dir='ltr'>Dathan‚</span> <span class='ocrx_word' id='word_1_172' title='bbox 1138 2013 1343 2072; x_wconf 88' lang='lat' dir='ltr'>Abiron,</span> <span class='ocrx_word' id='word_1_173' title='bbox 1368 2021 1419 2061; x_wconf 89' lang='lat' dir='ltr'>et</span> <span class='ocrx_word' id='word_1_174' title='bbox 1453 2013 1776 2063; x_wconf 87' lang='lat' dir='ltr'>ducentorum</span> <span class='ocrx_word' id='word_1_175' title='bbox 1811 2023 1860 2064; x_wconf 91' lang='lat' dir='ltr'>et</span> 
     </span>
     <span class='ocr_line' id='line_1_26' title="bbox 471 2086 1859 2152; baseline 0.005 -20"><span class='ocrx_word' id='word_1_176' title='bbox 471 2086 825 2149; x_wconf 86' lang='lat' dir='ltr'>quinquaginta</span> <span class='ocrx_word' id='word_1_177' title='bbox 850 2104 1110 2151; x_wconf 76' lang='lat' dir='ltr'>synagogae</span> <span class='ocrx_word' id='word_1_178' title='bbox 1133 2105 1408 2152; x_wconf 84' lang='lat' dir='ltr'>procerum,</span> <span class='ocrx_word' id='word_1_179' title='bbox 1428 2090 1684 2138; x_wconf 87' lang='lat' dir='ltr'>manifeste</span> <span class='ocrx_word' id='word_1_180' title='bbox 1709 2098 1758 2139; x_wconf 89' lang='lat' dir='ltr'>et</span> <span class='ocrx_word' id='word_1_181' title='bbox 1776 2107 1859 2139; x_wconf 85' lang='lat' dir='ltr'>ex-</span> 
     </span>
     <span class='ocr_line' id='line_1_27' title="bbox 468 2162 1858 2224; baseline 0.004 -15"><span class='ocrx_word' id='word_1_182' title='bbox 468 2178 633 2224; x_wconf 89' lang='lat' dir='ltr'>presse</span> <span class='ocrx_word' id='word_1_183' title='bbox 653 2162 943 2212; x_wconf 85' lang='lat' dir='ltr'>declaratur.</span> <span class='ocrx_word' id='word_1_184' title='bbox 1003 2164 1133 2211; x_wconf 87' lang='lat' dir='ltr'>Nam</span> <span class='ocrx_word' id='word_1_185' title='bbox 1157 2165 1563 2213; x_wconf 87' lang='lat' dir='ltr'>contendentibus</span> <span class='ocrx_word' id='word_1_186' title='bbox 1578 2165 1672 2213; x_wconf 90' lang='lat' dir='ltr'>illis</span> <span class='ocrx_word' id='word_1_187' title='bbox 1690 2166 1858 2214; x_wconf 92' lang='lat' dir='ltr'>Domi—</span> 
     </span>
     <span class='ocr_line' id='line_1_28' title="bbox 467 2238 1857 2303; baseline 0.004 -20"><span class='ocrx_word' id='word_1_188' title='bbox 467 2252 587 2283; x_wconf 88' lang='lat' dir='ltr'>num</span> <span class='ocrx_word' id='word_1_189' title='bbox 621 2253 721 2284; x_wconf 91' lang='lat' dir='ltr'>non</span> <span class='ocrx_word' id='word_1_190' title='bbox 754 2238 915 2285; x_wconf 89' lang='lat' dir='ltr'>minus</span> <span class='ocrx_word' id='word_1_191' title='bbox 946 2239 1079 2302; x_wconf 89' lang='lat' dir='ltr'>loqui</span> <span class='ocrx_word' id='word_1_192' title='bbox 1108 2255 1197 2301; x_wconf 84' lang='lat' dir='ltr'>per</span> <span class='ocrx_word' id='word_1_193' title='bbox 1228 2239 1358 2302; x_wconf 87' lang='lat' dir='ltr'>ipsos</span> <span class='ocrx_word' id='word_1_194' title='bbox 1388 2256 1535 2302; x_wconf 90' lang='lat' dir='ltr'>quam</span> <span class='ocrx_word' id='word_1_195' title='bbox 1556 2255 1644 2303; x_wconf 86' lang='lat' dir='ltr'>per</span> <span class='ocrx_word' id='word_1_196' title='bbox 1667 2241 1857 2300; x_wconf 93' lang='lat' dir='ltr'>Mosen,</span> 
     </span>
     <span class='ocr_line' id='line_1_29' title="bbox 469 2311 1857 2379; baseline 0.003 -21"><span class='ocrx_word' id='word_1_197' title='bbox 469 2311 539 2358; x_wconf 90' lang='lat' dir='ltr'>sic</span> <span class='ocrx_word' id='word_1_198' title='bbox 576 2322 789 2374; x_wconf 88' lang='lat' dir='ltr'>arguunt</span> <span class='ocrx_word' id='word_1_199' title='bbox 825 2313 991 2372; x_wconf 90' lang='lat' dir='ltr'>(Num.</span> <span class='ocrx_word' id='word_1_200' title='bbox 1030 2314 1126 2360; x_wconf 86' lang='lat' dir='ltr'>xvi.</span> <span class='ocrx_word' id='word_1_201' title='bbox 1166 2315 1245 2373; x_wconf 86' lang='lat'>3):</span> <span class='ocrx_word' id='word_1_202' title='bbox 1295 2314 1526 2379; x_wconf 10' lang='lat' dir='ltr'>sufficiat*</span> <span class='ocrx_word' id='word_1_203' title='bbox 1550 2314 1702 2373; x_wconf 70' lang='lat' dir='ltr'>vobi-5,</span> <span class='ocrx_word' id='word_1_204' title='bbox 1736 2316 1857 2379; x_wconf 83' lang='lat' dir='ltr'>qnia</span> 
     </span>
     <span class='ocr_line' id='line_1_30' title="bbox 469 2387 1858 2454; baseline 0.003 -21"><span class='ocrx_word' id='word_1_205' title='bbox 469 2387 624 2451; x_wconf 75' lang='lat' dir='ltr'>omnis</span> <span class='ocrx_word' id='word_1_206' title='bbox 671 2387 935 2436; x_wconf 82' lang='lat' dir='ltr'>multitudo</span> <span class='ocrx_word' id='word_1_207' title='bbox 976 2395 1261 2436; x_wconf 72' lang='lat' dir='ltr'>sanctorum</span> <span class='ocrx_word' id='word_1_208' title='bbox 1298 2396 1390 2448; x_wconf 70' lang='lat' dir='ltr'>est,</span> <span class='ocrx_word' id='word_1_209' title='bbox 1428 2396 1478 2436; x_wconf 87' lang='lat' dir='ltr'>et</span> <span class='ocrx_word' id='word_1_210' title='bbox 1524 2389 1575 2437; x_wconf 88' lang='lat' dir='ltr'>in</span> <span class='ocrx_word' id='word_1_211' title='bbox 1615 2390 1743 2454; x_wconf 71' lang='lat' dir='ltr'>ipsi-s·</span> <span class='ocrx_word' id='word_1_212' title='bbox 1766 2397 1858 2440; x_wconf 74' lang='lat' dir='ltr'>,est</span> 
     </span>
     <span class='ocr_line' id='line_1_31' title="bbox 468 2462 1856 2529; baseline 0.004 -21"><span class='ocrx_word' id='word_1_213' title='bbox 468 2462 709 2509; x_wconf 74' lang='lat' dir='ltr'>Dominus</span> <span class='ocrx_word' id='word_1_214' title='bbox 724 2481 743 2517; x_wconf 92' lang='lat'><em>;</em></span> <span class='ocrx_word' id='word_1_215' title='bbox 785 2479 874 2510; x_wconf 81' lang='lat' dir='ltr'>cur</span> <span class='ocrx_word' id='word_1_216' title='bbox 898 2463 1156 2511; x_wconf 83' lang='lat' dir='ltr'>elevamini</span> <span class='ocrx_word' id='word_1_217' title='bbox 1180 2480 1333 2528; x_wconf 76' lang='lat' dir='ltr'>snper</span> <span class='ocrx_word' id='word_1_218' title='bbox 1346 2464 1587 2529; x_wconf 78' lang='lat' dir='ltr'>populum</span> <span class='ocrx_word' id='word_1_219' title='bbox 1610 2465 1812 2513; x_wconf 80' lang='lat' dir='ltr'>Domini</span> <span class='ocrx_word' id='word_1_220' title='bbox 1826 2469 1856 2514; x_wconf 71' lang='grc'>,9</span> 
     </span>
     <span class='ocr_line' id='line_1_32' title="bbox 470 2537 1853 2600; baseline 0.002 -14"><span class='ocrx_word' id='word_1_221' title='bbox 470 2537 604 2586; x_wconf 77' lang='lat' dir='ltr'>Quid</span> <span class='ocrx_word' id='word_1_222' title='bbox 623 2544 786 2585; x_wconf 86' lang='lat' dir='ltr'>autem</span> <span class='ocrx_word' id='word_1_223' title='bbox 805 2538 865 2585; x_wconf 89' lang='lat' dir='ltr'>de</span> <span class='ocrx_word' id='word_1_224' title='bbox 885 2539 977 2586; x_wconf 89' lang='lat' dir='ltr'>hac</span> <span class='ocrx_word' id='word_1_225' title='bbox 1001 2539 1333 2587; x_wconf 89' lang='lat' dir='ltr'>controversia</span> <span class='ocrx_word' id='word_1_226' title='bbox 1356 2540 1581 2587; x_wconf 89' lang='lat' dir='ltr'>statuerit</span> <span class='ocrx_word' id='word_1_227' title='bbox 1600 2540 1853 2600; x_wconf 90' lang='lat' dir='ltr'>Dominus,</span> 
     </span>
     <span class='ocr_line' id='line_1_33' title="bbox 467 2613 1855 2677; baseline 0.004 -18"><span class='ocrx_word' id='word_1_228' title='bbox 467 2629 527 2659; x_wconf 86' lang='lat' dir='ltr'>ex</span> <span class='ocrx_word' id='word_1_229' title='bbox 573 2629 631 2660; x_wconf 89' lang='lat' dir='ltr'>eo</span> <span class='ocrx_word' id='word_1_230' title='bbox 669 2613 973 2676; x_wconf 82' lang='lat' dir='ltr'>intelligitur,</span> <span class='ocrx_word' id='word_1_231' title='bbox 1017 2614 1150 2676; x_wconf 91' lang='lat' dir='ltr'>quod</span> <span class='ocrx_word' id='word_1_232' title='bbox 1191 2614 1359 2676; x_wconf 89' lang='lat' dir='ltr'>(Num.</span> <span class='ocrx_word' id='word_1_233' title='bbox 1397 2614 1494 2662; x_wconf 83' lang='lat' dir='ltr'>xvi.</span> <span class='ocrx_word' id='word_1_234' title='bbox 1527 2620 1604 2674; x_wconf 88' lang='lat'>33,</span> <span class='ocrx_word' id='word_1_235' title='bbox 1640 2617 1723 2677; x_wconf 86' lang='lat'>35)</span> <span class='ocrx_word' id='word_1_236' title='bbox 1769 2617 1855 2665; x_wconf 86' lang='lat' dir='ltr'>de-</span> 
     </span>
     <span class='ocr_line' id='line_1_34' title="bbox 466 2689 1856 2752; baseline 0.004 -18"><span class='ocrx_word' id='word_1_237' title='bbox 466 2689 766 2736; x_wconf 73' lang='lat' dir='ltr'>scenderunt</span> <span class='ocrx_word' id='word_1_238' title='bbox 801 2689 966 2750; x_wconf 87' lang='lat' dir='ltr'>(Core,</span> <span class='ocrx_word' id='word_1_239' title='bbox 1002 2689 1198 2737; x_wconf 88' lang='lat' dir='ltr'>Dathan</span> <span class='ocrx_word' id='word_1_240' title='bbox 1235 2698 1284 2738; x_wconf 89' lang='lat' dir='ltr'>et</span> <span class='ocrx_word' id='word_1_241' title='bbox 1315 2689 1522 2752; x_wconf 90' lang='lat' dir='ltr'>Abiron)</span> <span class='ocrx_word' id='word_1_242' title='bbox 1562 2690 1660 2738; x_wconf 83' lang='lat' dir='ltr'>vivi</span> <span class='ocrx_word' id='word_1_243' title='bbox 1695 2692 1746 2739; x_wconf 88' lang='lat' dir='ltr'>in</span> <span class='ocrx_word' id='word_1_244' title='bbox 1784 2694 1856 2740; x_wconf 91' lang='lat' dir='ltr'>in-</span> 
     </span>
     <span class='ocr_line' id='line_1_35' title="bbox 446 2763 1856 2831; baseline 0.006 -22"><span class='ocrx_word' id='word_1_245' title='bbox 446 2763 673 2826; x_wconf 80' lang='lat' dir='ltr'>fernum,</span> <span class='ocrx_word' id='word_1_246' title='bbox 716 2770 765 2811; x_wconf 81' lang='lat' dir='ltr'>et</span> <span class='ocrx_word' id='word_1_247' title='bbox 811 2764 947 2829; x_wconf 76' lang='lat' dir='ltr'>ignis</span> <span class='ocrx_word' id='word_1_248' title='bbox 989 2780 1224 2829; x_wconf 72' lang='lat' dir='ltr'>egressus</span> <span class='ocrx_word' id='word_1_249' title='bbox 1259 2782 1292 2812; x_wconf 81' lang='lat' dir='ltr'><em>a</em></span> <span class='ocrx_word' id='word_1_250' title='bbox 1339 2765 1550 2812; x_wconf 85' lang='lat' dir='ltr'>Domino</span> <span class='ocrx_word' id='word_1_251' title='bbox 1595 2766 1856 2831; x_wconf 78' lang='lat' dir='ltr'>interfecit</span> 
     </span>
     <span class='ocr_line' id='line_1_36' title="bbox 468 2837 1267 2904; baseline 0.004 -20"><span class='ocrx_word' id='word_1_252' title='bbox 468 2837 702 2885; x_wconf 66' lang='lat' dir='ltr'>(tricentos</span> <span class='ocrx_word' id='word_1_253' title='bbox 726 2839 1096 2904; x_wconf 75' lang='lat' dir='ltr'>qninquaginta</span> <span class='ocrx_word' id='word_1_254' title='bbox 1119 2841 1267 2887; x_wconf 74' lang='lat' dir='ltr'>viros.</span> 
     </span>
     <span class='ocr_line' id='line_1_37' title="bbox 535 2913 1852 2981; baseline 0.005 -21"><span class='ocrx_word' id='word_1_255' title='bbox 535 2913 775 2972; x_wconf 85' lang='lat' dir='ltr'>Secundo,</span> <span class='ocrx_word' id='word_1_256' title='bbox 819 2915 1163 2963; x_wconf 88' lang='lat' dir='ltr'>authoritatem</span> <span class='ocrx_word' id='word_1_257' title='bbox 1204 2915 1340 2963; x_wconf 88' lang='lat' dir='ltr'>illam</span> <span class='ocrx_word' id='word_1_258' title='bbox 1385 2932 1483 2963; x_wconf 95' lang='lat' dir='ltr'>non</span> <span class='ocrx_word' id='word_1_259' title='bbox 1519 2916 1667 2966; x_wconf 86' lang='lat' dir='ltr'>fuisse</span> <span class='ocrx_word' id='word_1_260' title='bbox 1703 2935 1852 2981; x_wconf 88' lang='lat' dir='ltr'>penes</span> 
     </span>
    </p>
   </div>
  </div>
 </body>
</html>
