2020 3262
217 295 578 330 GOMPARATIO
602 293 923 330 SPECIERUM
942 293 1124 328 TRIUM
1143 294 1440 329 CIVITATIS.
1477 285 1571 336 271

178 408 485 456 necabantur
508 409 695 467 Romae,
731 413 969 470 tanquam
991 421 1199 469 regnum
1224 407 1578 467 affectaverint,
1620 430 1751 463 SECT,
1770 429 1840 462 111,

180 485 266 548 qui
286 485 443 549 plebis
465 485 684 533 favorem
707 483 972 547 captabant
1007 482 1276 530 beneficiis.
1347 483 1493 530 Pares
1528 484 1581 530 in
1712 482 1763 511 ¹⁰·

178 561 275 610 hoc
299 560 610 609 democratia
630 568 681 608 et
699 558 1007 615 monarchia,
1025 558 1236 622 impares
1261 565 1430 606 tamen
1451 558 1583 607 fama

179 636 412 685 fuerunt:
450 636 566 700 quia
586 636 718 684 fama
740 651 770 683 a
790 634 974 698 populo
999 641 1074 682 est
1094 654 1107 690 ;
1144 642 1195 682 et
1218 633 1351 697 quod
1368 650 1399 682 a
1415 634 1582 683 multis

180 713 255 772 fit,
280 729 311 760 a
327 712 493 760 multis
516 711 761 770 laudatur,
832 710 1050 774 Ideoque
1067 709 1254 758 invidia
1274 709 1327 757 in
1350 710 1583 757 virtutem

181 797 354 837 eorum
388 787 576 836 factum
608 803 713 835 esse
751 786 947 845 dicitur,
984 785 1025 833 si
1060 784 1250 833 faciunt
1286 786 1583 845 monarchoe,

182 865 317 929 quod
335 864 377 913 si
398 864 587 912 factum
605 870 735 912 esset
768 879 799 911 a
810 861 1022 928 populo,
1041 862 1215 926 politia
1238 869 1381 911 esset.

251 946 298 990 8.
336 941 463 989 Sunt
499 939 584 1004 qui
624 939 736 988 ideo
773 938 1111 987 monarchiam
1157 938 1468 987 democratia
1509 938 1585 986 in·
1603 942 1855 1014 Lilsertaoemsin:

183 1016 567 1066 commodiorem
603 1022 798 1080 putent,
838 1014 973 1079 quod
1004 1014 1115 1063 illic
1152 1015 1314 1064 minus
1341 1015 1584 1063 libertatis
1602 995 1869 1059 ἷζιῖἷὲωὲἒεῖᾞίζ

182 1093 249 1142 sit
271 1108 421 1158 quam
441 1091 540 1140 hic.
613 1091 666 1140 Si
687 1107 777 1155 per
800 1090 1086 1138 libertatem
1121 1091 1400 1156 intelligant
1423 1108 1586 1139 exem·
1601 1074 1868 1155 ξῖᾆηζὶοέἶιῗὸῗῃω

182 1169 373 1219 tionem
394 1185 426 1217 a
447 1168 764 1232 subjectione,
790 1183 900 1231 quae
922 1167 1128 1231 legibus,
1152 1168 1247 1216 hoc
1262 1176 1361 1227 est,
1385 1168 1587 1216 manda-

183 1246 250 1295 tis
282 1245 490 1294 debetur
510 1243 712 1309 populi,
738 1259 898 1307 neque
921 1243 975 1291 in
999 1243 1327 1304 democratia,
1352 1260 1512 1308 neque
1535 1244 1588 1293 in

183 1321 281 1370 alio
306 1327 439 1370 statu
462 1320 676 1368 civitatis
701 1335 995 1383 quocunque
1018 1319 1120 1367 ulla
1143 1321 1345 1369 omnino
1372 1320 1587 1368 libertas

187 1404 278 1446 est.
350 1397 403 1446 Si
439 1396 726 1444 libertatem
754 1396 807 1444 in
831 1412 890 1444 eo
915 1396 1059 1444 sitam
1083 1412 1188 1445 esse
1212 1397 1508 1461 intelligant,
1533 1404 1590 1446 ut

185 1489 357 1538 paucae
381 1473 480 1522 sint
514 1472 666 1536 leges,
690 1487 848 1535 pauca
871 1472 1042 1531 vetita,
1067 1478 1118 1520 et
1142 1489 1201 1521 ea
1222 1473 1340 1521 talia
1363 1490 1473 1537 (11130
1495 1473 1591 1522 nisi

184 1556 430 1609 vetentur,
449 1564 551 1597 non
575 1548 639 1596 sit
656 1564 771 1611 pax,
795 1554 915 1595 tunc
934 1563 1061 1611 nego
1076 1548 1186 1611 plus
1202 1565 1307 1596 esse
1331 1548 1590 1598 libertatis⁸

186 1626 240 1675 in
263 1624 577 1674 democratia
601 1641 750 1688 quam
780 1624 833 1672 in
873 1624 1181 1672 monarchia.
1253 1626 1421 1673 Potest
1460 1626 1591 1674 enim

186 1719 288 1751 non
310 1702 472 1750 minus
508 1701 616 1749 haec
658 1717 806 1764 quam
846 1699 930 1747 illa
953 1716 1067 1747 cum
1095 1700 1184 1748 tali
1206 1701 1432 1749 libertate
1455 1709 1591 1759 recte

188 1778 475 1827 consistere.
542 1776 650 1824 Etsi
680 1776 812 1823 enim
847 1775 1004 1839 portis
1038 1776 1353 1841 turribusque
1377 1778 1591 1827 civitatis

182 1856 526 1919 cujuscunque
562 1852 929 1900 characteribus
967 1853 1280 1916 quantumvis
1313 1854 1488 1918 amplis
1529 1854 1593 1903 Zi-

190 1930 364 1979 berta-s·
394 1928 708 1987 inscribatur,
745 1945 847 1976 non
884 1935 960 1976 est
997 1945 1056 1976 ea
1093 1930 1428 1994 cujuscunque
1466 1931 1593 1979 civis

190 2005 279 2055 sed
315 2004 544 2054 civitatis
567 2003 800 2060 libertas3
835 2019 996 2067 neque
1030 2005 1220 2053 meliori
1254 2007 1366 2070 jure
1388 2008 1594 2055 verbum

189 2082 314 2131 illud
337 2081 527 2130 civitati
550 2080 850 2138 inscribitur,
878 2096 987 2143 quae
1016 2097 1047 2129 a
1067 2081 1281 2146 populo,
1311 2099 1459 2147 quam
1483 2100 1595 2148 quae

191 2175 222 2207 a
243 2157 517 2206 monarcha
552 2156 756 2220 regitur.
827 2156 927 2205 Sed
950 2157 1146 2221 quando
1171 2158 1300 2207 cives
1323 2160 1519 2224 privati,
1542 2160 1596 2208 id

192 2242 283 2294 est,
319 2233 504 2283 subditi
538 2233 818 2281 libertatem
856 2240 1084 2297 poscunt,
1118 2235 1316 2284 nomine
1351 2236 1596 2285 libertatis

191 2327 295 2360 non
335 2309 639 2369 libertatem,
665 2309 752 2357 sed
789 2309 1055 2357 dominium
1087 2318 1329 2374 poscunt3
1366 2313 1499 2376 quod
1521 2320 1596 2361 ta-

182 2403 308 2436 men
329 2402 434 2451 prae
458 2385 653 2434 inscitia
675 2385 876 2432 minime
904 2385 1317 2436 animadvertunt.
1389 2389 1441 2437 Si
1466 2389 1599 2437 enim

195 2479 343 2528 quam
357 2463 636 2510 libertatem
655 2461 859 2524 quisque
879 2460 970 2508 sibi
985 2462 1187 2525 expetit,
1208 2464 1431 2524 eandem,
1449 2473 1599 2529 prout

194 2539 303 2604 lege
325 2546 518 2587 naturae
539 2545 843 2601 praeceptum
861 2544 950 2597 est,
965 2538 1073 2586 aliis
1088 2540 1397 2601 concederet,
1413 2542 1599 2590 rediret

183 2615 277 2664 -ille
313 2621 471 2664 status
506 2614 760 2671 naturalis,
795 2614 846 2661 in
884 2630 981 2677 quo
1028 2631 1196 2664 omnes
1236 2619 1347 2680 jure
1391 2625 1600 2681 possunt

180 2691 391 2747 >omnia3
428 2707 576 2756 quem
598 2698 655 2738 ut
690 2690 823 2738 omni
858 2690 1161 2753 subjectione
1202 2692 1334 2740 civili
1362 2696 1597 2758 pejorem,

198 2767 241 2816 si
276 2767 473 2827 scirent,
511 2773 817 2831 respuerent.
888 2765 987 2814 Sed
1026 2767 1067 2814 si
1107 2767 1214 2830 quis
1251 2768 1460 2818 liberum
1493 2787 1599 2819 esse

198 2843 356 2892 solum
391 2850 578 2908 poscat,
611 2843 802 2891 caeteris
836 2842 1101 2902 obstrictis,
1127 2844 1246 2907 quid
1281 2845 1416 2894 aliud
1453 2863 1600 2910 quam

200 2917 466 2971 dominium
489 2919 684 2985 poscit?
758 2919 888 2967 Nam
915 2918 999 2983 qui
1023 2919 1211 2969 solutus
1237 2928 1311 2971 est
1335 2923 1469 2971 omni
1491 2923 1598 2973 vin—
