2020 3262
577 333 904 367 PER-ERUDITO
929 334 987 366 Ac
1012 335 1277 367 PER-AMICO
1302 336 1415 369 VIRO

474 423 928 480 SAMUELI
992 423 1514 491 SORBERIO,

617 536 867 584 PETRUS
901 535 1292 585 GASSENDUS
1330 537 1381 585 S.

234 744 401 794 QUOD
444 745 721 809 epistolium
770 746 834 793 ad
887 761 965 793 me
1013 745 1184 793 Caleto
1220 746 1329 794 vela
1373 763 1487 795 mox
1532 747 1751 798 facturus

231 822 425 882 dedisti,
466 824 649 887 accepi.
720 823 856 871 Nihil
889 839 1009 887 opus
1057 823 1151 871 fuit
1186 840 1434 884 excusare,
1473 826 1607 889 quod
1645 828 1751 875 vale

231 917 398 949 coram
424 917 525 950 non
549 901 728 950 dixeris
747 919 759 957 ;
795 919 909 949 nam
932 902 1196 965 praeclarus
1219 909 1387 950 noster
1404 904 1661 952 Martellus
1677 912 1752 953 sat

231 978 512 1039 declaravit,
537 995 684 1043 quam
702 979 966 1043 improvisa
989 979 1272 1027 discedendi
1296 973 1487 1029 occasio
1519 981 1682 1042 fuerit,
1702 990 1752 1031 et

231 1072 378 1120 quam
409 1057 689 1119 requisieris
729 1073 807 1105 me
853 1065 1035 1117 tamen,
1061 1065 1328 1122 utcumque
1370 1076 1470 1108 non
1511 1060 1751 1108 adfuerim

229 1134 378 1183 domi.
451 1135 599 1184 Quod
628 1135 767 1184 addis
800 1143 981 1193 autem,
1014 1136 1232 1199 potuisse
1257 1145 1306 1184 te
1345 1144 1460 1186 ante
1485 1138 1751 1186 discessum

229 1221 520 1278 extorquere
555 1215 617 1263 ab
653 1215 831 1263 eximio
866 1215 950 1263 illo
985 1215 1211 1263 HOBBIO
1250 1215 1302 1263 id
1340 1218 1615 1281 exemplum
1637 1218 1750 1266 libri

228 1293 289 1342 de
313 1293 470 1352 own,
495 1294 574 1342 cui
591 1294 695 1357 ipse
718 1310 867 1342 manu
880 1294 1079 1358 propria
1102 1294 1412 1358 marginaleis
1435 1303 1579 1344 notas
1602 1313 1751 1360 appo-

141 1420 143 1422 .
226 1372 342 1432 suit,
365 1379 424 1420 ut
448 1389 560 1421 cum
577 1372 755 1433 isthuc,
779 1373 865 1421 ubi
882 1381 932 1421 te
946 1389 1101 1421 voveo
1124 1373 1436 1434 incolumem,
1451 1375 1747 1438 perveneris,

226 1451 307 1501 edi
329 1451 508 1500 iterato
525 1468 774 1516 procures,
790 1452 842 1500 id
859 1468 1165 1515 summopere
1187 1452 1464 1501 delectavit.
1508 1453 1749 1502 Videlicet

225 1537 328 1582 tam
350 1546 508 1594 pauca
529 1531 666 1578 fuere
684 1546 866 1578 excusa
884 1530 997 1578 libri
1016 1530 1328 1594 exemplaria,
1349 1539 1407 1578 ut
1424 1531 1508 1579 illa
1526 1531 1602 1580 sui
1616 1531 1748 1580 sitim

223 1607 387 1672 potius
408 1608 629 1668 fecerint,
656 1624 803 1672 quam
828 1608 1133 1671 expleverint
1154 1629 1166 1663 ;
1204 1608 1445 1671 siquidem
1468 1609 1747 1659 innumeros

224 1686 386 1747 vide0,
412 1688 496 1751 qui
518 1687 698 1735 librum
734 1686 980 1746 ardenter,
1014 1686 1102 1734 sed
1135 1686 1322 1734 frustra
1350 1687 1626 1751 requirant.
1698 1689 1738 1735 E

224 1765 350 1814 liber
381 1765 538 1825 certe}
556 1773 632 1814 est
671 1781 772 1814 non
806 1765 1035 1828 vulgaris,
1078 1765 1351 1829 dignusque
1393 1765 1477 1828 qui
1511 1766 1745 1825 omnium,

225 1844 310 1908 qui
333 1843 509 1892 altiora
546 1844 756 1907 sapiunt,
781 1843 1005 1891 manibus
1039 1850 1256 1899 teratur;
1292 1859 1453 1907 neque
1481 1844 1544 1907 (si
1567 1844 1651 1892 illa
1673 1860 1746 1893 se-

222 1938 448 1987 posuero,
479 1938 588 1986 quae
610 1922 913 1986 religionem,
945 1922 997 1969 in
1022 1938 1120 1985 qua
1143 1938 1310 1970 sumus
1343 1922 1591 1985 ἑτερόδοξοι,
1617 1923 1744 1971 adti-

222 2001 364 2064 nent)
392 2002 680 2065 scriptorem
716 2017 945 2064 agnosco,
971 2001 1054 2064 qui
1095 2007 1440 2064 argumentum
1481 2010 1743 2062 scrutetur,

222 2097 371 2145 quam
393 2082 489 2142 ille,
507 2081 812 2146 profundius.
883 2081 1085 2130 Utinam
1108 2097 1223 2130 vero
1248 2090 1427 2130 caetera
1444 2082 1607 2143 etiam,
1633 2099 1741 2147 quae

222 2160 304 2211 ille
328 2161 555 2220 versavit,
583 2160 786 2224 perinde
821 2160 1131 2208 extorsisses!
1203 2161 1398 2225 Quippe
1437 2169 1488 2209 et
1524 2177 1586 2210 ex
1626 2162 1742 2226 ipsis

221 2239 275 2288 in
295 2239 456 2288 lucem
479 2239 682 2304 prolatis
706 2255 892 2288 summe
909 2239 1104 2287 beasses
1128 2239 1379 2288 nationem
1402 2247 1560 2288 totam
1582 2240 1741 2304 philo-

222 2317 538 2382 sophantium
569 2317 750 2374 solide;
787 2333 899 2365 cum
933 2333 1024 2381 ego
1061 2317 1259 2381 quidem
1281 2318 1529 2366 neminem
1563 2319 1739 2379 norim,

221 2397 307 2462 qui
329 2397 393 2446 sit
415 2397 544 2445 inter
566 2395 1010 2460 philosophandum
1034 2397 1190 2460 magis
1215 2413 1245 2445 a
1281 2397 1576 2460 praejudiciis
1599 2398 1739 2458 liber,

220 2475 400 2541 quique
414 2475 628 2540 penitius
647 2474 880 2538 quicquid
896 2491 1062 2523 rerum
1080 2475 1408 2535 edisseruerit,
1417 2476 1738 2541 introspiciat.

217 2553 479 2603 Enimvero
502 2560 558 2602 tu
575 2553 735 2602 virum
759 2553 877 2602 satis
890 2554 1049 2610 nosti;
1084 2554 1362 2617 frustraque
1385 2553 1528 2614 foret,
1553 2555 1593 2603 si
1618 2555 1738 2619 quid

218 2640 457 2698 praeterea
478 2633 531 2682 in
555 2633 1030 2682 commendationem
1052 2634 1156 2696 ejus
1174 2633 1455 2682 adderetur.
1523 2634 1661 2694 Vale,
1688 2642 1739 2683 et

219 2711 402 2760 amicos
427 2712 638 2776 optimos
668 2711 843 2770 saluta,
858 2711 1192 2775 imprimisque
1218 2711 1530 2772 Curcellium,
1552 2713 1737 2761 Heere-

217 2789 492 2850 boordium,
517 2789 771 2850 Bomium,
790 2797 841 2838 et
869 2789 1004 2838 alios.
1075 2789 1268 2838 Parisiis
1293 2789 1355 2838 iv.
1384 2790 1589 2839 Kalend.
1615 2792 1733 2855 Maj.

134 2864 144 2872 ”
223 2868 561 2918 cIoIochvl.
