1968 3256
324 272 395 305 DE
424 269 960 306 REPRESENTATIONE
988 269 1234 312 OBJECTI,
1261 270 1380 304 Ero.
1484 261 1541 303 31

164 384 295 433 facta
312 384 416 448 jam
439 384 516 442 sit,
541 383 864 446 exhibeatque
888 383 1154 446 spectatori
1175 398 1265 446 pro
1301 382 1441 430 lineis
1463 400 1549 446 pa-
1600 403 1729 437 εΕοΤ.
1748 403 1784 436 11

162 461 359 520 rallelis,
383 477 484 509 non
505 459 759 524 parallelas
780 479 793 514 ;
816 475 907 523 pro
927 459 1119 519 erectis,
1141 459 1517 523 procumbentes
1535 480 1548 515 ;
1689 457 1720 487 4·

160 553 251 602 pro
288 537 497 596 circuliS,
532 536 752 600 ellipses;
787 550 877 598 pro
918 535 1182 599 ellipsibuS,
1208 535 1444 591 circulos3
1479 535 1552 583 in-

161 629 461 678 numeraque
484 612 579 660 alia
605 628 713 676 quae
736 612 878 660 aliter
910 611 963 660 in
984 612 1153 660 tabula
1174 619 1290 661 sunt
1320 627 1468 676 quam
1498 612 1551 660 in

97 676 111 686 ³
162 690 372 754 objecto,
395 689 635 738 rationem
667 688 871 737 reddam
895 705 1045 753 quare
1063 696 1231 737 tamen
1253 689 1502 751 objectum
1523 703 1553 735 a

162 767 331 816 tabula
352 765 536 830 optime
571 772 983 830 repraesentatum
1024 765 1076 813 id
1114 764 1247 829 quod
1283 780 1342 812 ex
1372 764 1553 813 tabulae

163 842 384 907 alicujus
391 841 756 891 constructione
780 841 1138 891 ostendendum
1161 849 1252 890 est.

230 926 277 968 2.
314 916 686 967 Consideremus
710 918 861 982 igitur
877 918 1123 982 adjunctae
1145 917 1327 967 tabulae
1331 917 1633 1003 figurammfiffl1
1635 924 1746 961 t13111111

162 995 386 1061 primam,
410 994 462 1042 in
497 1010 593 1058 qua
633 994 696 1042 sit
718 993 932 1042 ABYZ
954 993 1341 1059 rectangulum
1329 1011 1380 1042 ln
1403 968 1622 1058 planossssssfi
1600 978 1662 1039 mli
1654 972 1808 1049 ἎᾏΥῘΡΙΪΞᾏ.

162 1070 429 1120 horizontis
449 1070 679 1134 positum,
688 1070 994 1134 divisumque
1007 1070 1233 1119 bifariam
1246 1078 1426 1119 arecta
1438 1070 1550 1129 GH,
1568 1065 1624 1128 ἓξὲξ
1622 1055 1707 1136 ffgul
1706 1059 1755 1127 ,nt

162 1147 215 1196 in
246 1163 359 1212 qua,
381 1154 633 1211 utcunque
655 1147 900 1212 producta
926 1147 991 1196 ad
1020 1148 1076 1207 Ε,
1113 1154 1358 1196 statuatur
1391 1154 1554 1195 erecta

162 1224 227 1273 ad
263 1224 465 1288 planum
501 1232 638 1273 recta
673 1225 714 1272 E
730 1225 782 1285 F,
808 1225 1207 1288 intelligaturque
1232 1224 1436 1273 oculus
1423 1241 1475 1272 m
1499 1224 1552 1271 F.

163 1300 506 1364 Intelliga'ntur
530 1300 679 1349 etiam
703 1301 765 1360 Y,
785 1301 822 1348 Z
846 1300 968 1349 adeo
993 1307 1183 1350 remota
1197 1317 1300 1349 esse
1315 1302 1376 1349 ab
1396 1299 1554 1358 oculo,

160 1384 218 1426 ut
240 1376 402 1425 ductis
424 1377 574 1426 rectis
597 1378 634 1426 F
651 1377 710 1437 Y,
735 1378 772 1425 F
789 1377 843 1436 Z,
866 1377 1075 1441 angulus
1109 1377 1170 1426 ab
1205 1377 1299 1426 illis
1335 1393 1555 1441 compre-

162 1453 344 1503 hensus
384 1453 429 1502 Y
443 1454 481 1501 F
498 1454 540 1502 Z
581 1470 685 1519 prae
725 1455 993 1519 exiguitate
1031 1461 1356 1503 evanesceret.
1443 1454 1554 1502 Quo

163 1530 312 1591 facto,
349 1530 585 1580 habemus
620 1531 927 1596 pyramidem
965 1531 1214 1591 visualem,
1249 1533 1386 1595 cujus
1425 1531 1554 1579 basis

165 1615 241 1656 est
262 1607 606 1672 rectangulum
629 1607 675 1655 A
691 1608 731 1656 B
750 1608 794 1656 Y
809 1608 862 1667 Z,
886 1614 1056 1656 vertex
1080 1608 1132 1656 in
1156 1607 1299 1656 oculo
1324 1609 1376 1667 F,
1401 1607 1556 1655 latera

163 1683 258 1732 AB
276 1685 329 1744 F,
354 1683 450 1733 AY
464 1685 517 1743 F,
542 1685 584 1732 B
599 1684 638 1731 F
654 1684 708 1744 Z,
733 1685 774 1732 Z
792 1685 837 1732 Y
852 1685 905 1744 F,
931 1691 1141 1748 quatuor
1154 1683 1414 1748 triangula,
1435 1700 1555 1747 quo-

163 1775 275 1810 rum
296 1761 527 1810 ultimum
550 1761 587 1809 Z
602 1761 646 1808 Y
664 1761 702 1808 F
723 1762 874 1809 habet
896 1761 1132 1825 angulum
1148 1760 1212 1809 ad
1235 1762 1273 1808 F
1295 1760 1418 1809 adeo
1441 1776 1552 1808 acu-

165 1845 272 1886 tum
308 1844 381 1898 ut,
408 1837 573 1902 quoad
614 1852 825 1897 sensum,
858 1837 1015 1886 latera
1049 1837 1159 1897 FY,
1202 1837 1290 1885 FZ
1330 1852 1420 1901 pro
1457 1852 1556 1884 una

164 1921 359 1962 tantum
380 1920 518 1961 recta
538 1912 766 1962 habenda
788 1913 899 1962 sint.

235 1991 578 2054 Supponamus
597 1991 701 2054 jam
723 1990 1062 2054 rectangulum
1085 1990 1132 2038 A
1150 1990 1191 2038 Β
1209 1990 1253 2038 Y
1267 1989 1304 2037 Z
1340 2005 1444 2038 esse
1480 1989 1554 2053 ip-

166 2079 277 2116 sum
300 2067 549 2130 objectum
570 2066 1021 2131 repraesentandum
1036 2083 1126 2132 per
1141 2066 1556 2131 transpectionem

165 2144 218 2192 in
242 2144 389 2208 plano
413 2144 580 2208 aliquo
605 2143 849 2209 diaphano
872 2145 1162 2208 interposito
1186 2144 1315 2192 inter
1331 2144 1491 2208 ipsum
1506 2149 1558 2189 et

167 2220 379 2269 oculum.
450 2220 761 2284 Intelligatur
795 2237 912 2285 ergo
950 2237 1095 2284 super
1123 2228 1311 2269 rectam
1334 2221 1379 2268 A
1394 2220 1435 2268 B
1459 2219 1557 2267 tale

165 2296 366 2361 planum
387 2295 855 2360 perpendiculariter
872 2304 1092 2345 erectum
1116 2313 1236 2357 esse,
1262 2312 1431 2345 secans
1454 2313 1557 2344 om-

169 2387 257 2422 nes
281 2371 447 2422 radios
470 2372 729 2422 tendentes
753 2374 814 2421 ab
839 2374 1033 2438 objecto
1048 2374 1335 2438 rectangulo
1356 2373 1420 2421 ad
1443 2389 1560 2422 ocu-

167 2449 270 2499 lum
293 2448 360 2506 F;
397 2449 491 2498 erit
519 2465 638 2513 ergo
662 2449 815 2498 sectio
838 2449 971 2499 facta
987 2451 1039 2499 in
1056 2451 1205 2515 plano
1226 2457 1389 2499 erecto
1414 2465 1560 2514 super

166 2526 213 2575 A
228 2525 270 2574 B
293 2525 611 2591 triangulum,
632 2527 771 2591 cujus
793 2526 923 2576 basis
946 2534 1020 2577 est
1036 2528 1082 2577 A
1097 2529 1154 2589 B,
1170 2527 1377 2577 altitudo
1395 2543 1559 2592 aequa-

6 2578 34 2638 ’ἶ
82 2629 85 2631 -
170 2603 229 2652 lis
251 2610 404 2653 rectae
427 2604 468 2651 E
488 2604 540 2664 F,
564 2619 742 2668 nempe
766 2604 809 2653 G
825 2604 884 2653 V.

234 2680 364 2729 Nam
387 2679 497 2729 duae
516 2689 664 2729 rectae
695 2682 733 2729 F
746 2681 805 2741 Y,
831 2682 869 2728 F
883 2681 940 2741 Z,
965 2689 1171 2747 sumptae
1193 2697 1284 2746 pro
1307 2697 1407 2730 una
1428 2680 1559 2729 linea

165 2763 369 2822 propter
409 2757 730 2822 exiguitatem
767 2759 950 2823 anguli,
987 2759 1268 2808 transibunt
1291 2759 1446 2807 ambae
1469 2773 1558 2822 per

166 2834 401 2883 verticem
423 2834 483 2894 V,
522 2841 572 2883 et
607 2836 646 2883 F
662 2835 707 2882 V
732 2835 824 2883 erit
862 2835 1125 2896 horizonti,
1151 2835 1313 2901 quoad
1345 2851 1555 2893 sensum,

167 2916 369 2976 propter
387 2911 689 2977 suppositam
703 2911 989 2963 distantiam
1003 2920 1152 2964 rectae
1175 2913 1220 2964 Y
1233 2912 1291 2975 Z,
1309 2911 1556 2978 parallela.
