2020 3262
330 226 411 267 *DE
439 226 630 260 REGNo
659 226 754 260 DEI
782 226 890 260 PER
916 225 1140 260 PACTUM
1168 226 1389 260 NovUM.
1466 215 1558 258 381

169 347 272 382 non
291 331 458 381 Moses
479 347 640 395 neque
660 331 961 388 CHRISTUS,
987 345 1048 377 ex
1071 337 1219 393 pacto
1242 345 1330 377 rex
1349 328 1476 392 erat)
1505 344 1566 376 ex
1605 354 1734 388 3301,
1754 352 1823 385 111,

171 424 231 457 eo
254 408 518 472 colligitur,
538 406 671 471 quod
694 406 872 455 dixerit
891 405 1095 468 (Matth.
1112 422 1158 452 v.
1185 407 1264 467 17)
1292 424 1302 452 ε
1341 422 1435 452 non
1455 404 1566 452 veni

171 484 383 543 solvere,
402 483 635 532 nimirum
658 483 791 547 leges
814 492 960 530 antea
992 497 1022 528 a
1050 481 1155 528 Deo
1179 481 1303 528 latas
1339 497 1428 544 per
1456 481 1568 528 Mo-

171 575 259 609 sen
297 575 417 623 quas
453 559 622 607 Statim
654 559 1024 622 interpretatur,
1054 556 1148 604 sed
1170 555 1479 619 adimplere:
1518 565 1569 604 et

168 635 381 699 (Matth.
405 652 452 683 v.
485 638 592 698 19):
645 634 733 699 qui
779 634 989 682 solverit
1029 649 1174 680 unum
1212 632 1275 679 de
1315 631 1569 678 mandatis

175 711 284 760 illis
326 711 541 770 minimis
581 717 632 758 et
674 710 905 758 docuerit
946 710 1021 757 sic
1067 708 1303 767 homines,
1342 707 1569 754 minimus

173 786 437 836 vocabitur
480 786 531 833 in
572 803 731 850 regno
771 784 1024 833 coelorum.
1093 785 1210 832 Non
1242 800 1359 847 ergo
1398 783 1573 830 habuit

173 863 460 912 CHRISTUS
491 879 522 910 a
561 870 704 926 patre
746 862 839 910 sibi
881 861 1190 910 commissam
1225 859 1574 908 auctoritatem

175 938 365 1003 regiam
397 944 484 986 aut
520 938 888 1002 imperatoriam
915 938 967 985 in
990 937 1191 996 mundo,
1229 936 1316 984 sed
1350 935 1575 984 consilia-

176 1015 303 1063 riam
350 1022 401 1062 et
440 1013 764 1062 doctrinalem
804 1021 1029 1070 tantum;
1071 1013 1124 1061 id
1164 1013 1296 1077 quod
1333 1012 1577 1075 significat

177 1090 299 1155 ipse,
322 1098 430 1139 tum
469 1090 673 1153 (Matth.
698 1090 762 1138 iv.
789 1090 869 1153 19)
908 1090 993 1137 ubi
1016 1095 1161 1137 vocat
1185 1088 1445 1153 apostolos
1476 1103 1578 1135 non

178 1173 439 1220 venatores
486 1165 574 1214 Sed
599 1166 895 1231 piscatores
933 1165 1190 1224 hominum,
1227 1172 1335 1213 tum
1374 1164 1576 1226 (Matth.

179 1242 282 1290 xiii.
309 1241 484 1298 31-33)
503 1240 589 1288 ubi
608 1249 861 1305 comparat
884 1257 1093 1306 regnum
1108 1241 1201 1288 Dei
1219 1257 1374 1304 grano
1395 1239 1578 1303 sinapis

180 1324 233 1366 et
253 1317 498 1366 fermento
521 1317 810 1365 abscondito
835 1317 886 1365 in
910 1317 1085 1365 farina.

1694 404 1746 439 17.

174 1429 179 1433 ·
248 1397 295 1449 7.
333 1392 564 1441 Promisit
578 1393 728 1452 Deus,
744 1393 976 1457 primum,
994 1393 1276 1441 Abrahamo
1302 1409 1470 1440 semen
1487 1409 1579 1440 nu-
1597 1397 1682 1426 Paeti
1695 1396 1765 1425 ¹1⁰vi
1781 1405 1846 1433 1³1¹>

1596 1442 1686 1470 missa
1700 1441 1837 1477 utrinque

182 1485 447 1528 merosum,
486 1470 851 1532 possessionem
884 1477 1031 1518 terrae
1064 1469 1313 1528 Chanaan‚
1347 1477 1397 1517 et
1432 1470 1580 1517 bene·
1597 1484 1814 1524 quaenamsint.

185 1545 454 1595 dictionem
477 1546 701 1609 gentium
724 1546 776 1593 in
802 1546 986 1593 semine
1018 1547 1137 1609 ejus,
1163 1562 1221 1594 ea
1250 1546 1375 1609 lege,
1399 1545 1582 1609 ut'ipse

171 1629 238 1671 ‘et
274 1637 442 1670 semen
477 1621 582 1684 ejus
621 1621 666 1668 ei
697 1621 968 1677 servirent;
1007 1621 1183 1669 deinde
1214 1622 1389 1670 semini
1425 1622 1583 1671 Abra-

183 1697 320 1746 hami
343 1696 616 1745 secundum
640 1713 840 1744 carnem
858 1713 1066 1759 regnum
1091 1697 1428 1757 sacerdotale,
1453 1697 1583 1761 regi-

189 1789 306 1823 men
345 1772 667 1831 liberrimum,
715 1774 767 1821 in
802 1790 898 1836 quo
934 1773 1069 1821 nullo
1116 1774 1330 1823 humano
1377 1773 1584 1837 imperio

176 1848 478 1913 vsubjiciendi
502 1856 657 1908 erant,
683 1866 742 1897 ea
781 1850 905 1913 lege,
937 1858 995 1897 ut
1034 1851 1275 1899 servirent
1298 1852 1402 1899 Deo
1427 1851 1586 1898 Abra-

186 1925 324 1973 hami
370 1941 429 1972 eo
469 1925 586 1984 ritu,
636 1942 782 1988 quem
825 1926 1025 1974 doceret
1071 1927 1253 1983 MoseS;
1308 1935 1583 1991 postremo,

187 2008 239 2050 et
280 2000 376 2049 illis
416 2009 468 2050 et
503 2003 728 2050 omnibus
768 2003 999 2066 gentibus
1040 2019 1249 2066 regnum
1291 2003 1494 2052 coeleste
1535 2011 1587 2051 et

187 2083 440 2136 (eternum,
472 2093 531 2125 ea
568 2078 693 2141 lege,
717 2086 775 2126 ut
806 2079 1045 2126 servirent
1085 2079 1189 2127 Deo
1222 2080 1493 2127 Abrahami
1529 2097 1587 2129 eo

188 2152 305 2211 ritu,
332 2168 479 2215 quem
503 2152 704 2201 doceret
729 2154 1031 2202 CHRISTUS.
1102 2155 1264 2203 Paeto
1291 2150 1424 2203 enim
1448 2173 1588 2217 novo,

188 2227 285 2276 hoc
310 2237 386 2277 est
414 2229 724 2289 Christiano,
751 2239 1045 2279 conventum
1070 2239 1143 2280 est
1180 2249 1240 2281 ex
1263 2242 1406 2297 parte
1430 2234 1589 2282 homi-

189 2321 326 2364 num,
357 2311 412 2353 ut
440 2305 551 2352 Deo
591 2306 841 2354 servirent
864 2307 1147 2370 Abrahamz'
1188 2326 1244 2356 eo
1282 2310 1403 2368 ritu,
1447 2327 1590 2374 quem

192 2380 402 2429 doceret
424 2381 631 2437 JESUS3
669 2399 728 2430 ex
768 2391 910 2446 parte
942 2384 1050 2440 Dei,
1074 2393 1131 2432 ut
1162 2386 1446 2433 remitteret
1482 2386 1590 2433 illis

182 2463 425 2522 peccata,
447 2464 497 2505 et
522 2457 572 2505 in
596 2474 805 2523 regnum
843 2459 1043 2508 coeleste
1067 2460 1205 2525 ipso-§⁸
1231 2461 1589 2510 introduceret.

184 2533 269 2581 ‘De
292 2549 453 2598 regno
492 2533 702 2593 caelesti,
729 2535 871 2597 quale
896 2535 1059 2595 fuerit,
1086 2536 1298 2585 diximus
1330 2553 1478 2601 supra
1514 2555 1592 2586 ar-

193 2608 346 2657 ticulo
382 2609 568 2673 quinto.
639 2610 890 2674 Appellari
927 2620 1092 2660 autem
1133 2613 1272 2672 solet,
1299 2614 1593 2678 quandoque

184 2699 406 2750 vregnum,
465 2685 714 2745 coelorum,
775 2687 1068 2751 quandoque
1126 2704 1336 2754 regnum
1389 2690 1592 2754 glorioe,

194 2760 492 2825 quandoque
516 2761 622 2809 vita
647 2769 855 2811 aeterna.
916 2764 1064 2813 Quod
1083 2765 1349 2828 requiritur
1372 2781 1431 2813 ex
1454 2773 1595 2830 parte

195 2836 467 2896 hominum,
524 2854 701 2902 nempe
765 2839 945 2887 servire
1003 2840 1109 2888 Deo
1166 2849 1316 2904 prout
1373 2842 1596 2891 docuerit

203 2911 509 2972 CHRISTUS,
533 2913 633 2971 duo
664 2915 914 2964 continet:
953 2914 1289 2964 obedientiam
1311 2916 1422 2966 Deo
1452 2935 1596 2984 proe-
