2020 3262
498 270 594 312 244
1026 283 1330 317 IMPERIUM.

235 410 364 442 sacr.
386 411 455 444 111.
499 396 836 445 determinato.
921 398 972 446 Si
1014 399 1311 463 simpliciter,
1348 399 1635 463 intelligitur
1669 401 1740 449 ita
1769 415 1873 450 esse

253 460 438 529 »ᾆξ’-,κ
496 471 753 535 imperium
782 474 884 536 ejus
921 475 1000 521 cui
1034 475 1260 533 traditur,
1298 475 1424 522 sicut
1460 483 1564 523 erat
1589 475 1773 540 populi
1791 477 1875 540 qui

496 547 714 596 tradidit.
785 549 896 597 Qua
918 549 1068 612 igitur
1102 551 1290 598 ratione
1305 550 1528 615 populus
1539 552 1660 614 jure
1682 567 1875 600 monar-

496 621 638 669 cham
669 622 821 682 illum,
854 624 1024 671 eadem
1064 624 1144 673 ille
1181 625 1495 672 monarcham
1529 625 1681 673 alium
1714 626 1875 674 facere

492 704 683 759 potest3
720 698 788 746 ita
808 705 864 746 ut
900 699 1188 758 monarchae,
1213 699 1291 746 cui
1328 699 1608 762 simpliciter
1641 701 1877 749 traditum

493 779 568 820 est
590 772 860 836 imperium,
877 781 1125 837 competat
1134 775 1225 836 jus
1243 791 1342 822 non
1359 774 1506 822 modo
1520 776 1876 839 possessionis,

493 847 580 895 sed
602 848 749 896 etiam
771 849 1115 907 successionis,
1139 856 1196 896 ut
1213 849 1365 912 possit
1387 865 1473 897 suo
1494 850 1876 900 arbitrio'decla-

492 938 601 970 rare
625 940 954 972 successorem
978 940 1132 973 suum.

250 1009 297 1037 De
308 1009 475 1038 monarchis
565 1004 638 1046 16.
676 999 823 1047 Quod
841 999 880 1046 si
903 1000 1160 1063 imperium
1194 1016 1284 1062 pro
1307 1007 1526 1063 tempore
1551 1000 1874 1049 determinato
1915 1040 1916 1043 ,

250 1053 287 1080 ad
302 1055 425 1090 tempu*
492 1081 685 1121 tantum
703 1074 937 1123 traditum
960 1075 1037 1134 sit,
1062 1075 1156 1122 alia
1182 1082 1362 1138 praeter
1384 1075 1539 1138 ipsam
1562 1075 1875 1124 traditionem

493 1149 758 1211 spectanda
781 1155 907 1196 sunt.
978 1149 1207 1207 Primum,
1230 1156 1395 1196 utrum
1419 1149 1657 1213 populus,
1677 1166 1788 1197 cum
1822 1151 1875 1198 in

492 1239 604 1270 eum
626 1224 883 1287 imperium
906 1225 1180 1283 contulerit,
1203 1224 1453 1287 reliquerit
1467 1225 1557 1272 sibi
1567 1242 1662 1287 yus
1675 1225 1738 1273 ad
1755 1232 1876 1273 tem-

490 1314 612 1361 pora
635 1307 685 1346 et
707 1299 815 1346 loca
830 1300 1071 1361 praefinita
1099 1299 1322 1357 coeundi,
1341 1315 1510 1347 necne.
1581 1300 1874 1358 Secundum,

494 1374 535 1421 si
557 1374 809 1437 reliquerit
832 1374 923 1422 sibi
945 1382 1236 1437 potestatem
1265 1375 1412 1434 illam,
1435 1382 1603 1422 utrum
1624 1375 1877 1438 reliquerit

493 1449 585 1496 sibi
604 1455 900 1512 potestatem
919 1449 1238 1497 conveniendi
1257 1457 1519 1513 antequam
1536 1458 1726 1513 tempus
1755 1450 1877 1498 illud

493 1525 773 1588 exspiraret,
790 1525 922 1587 quod
938 1525 1215 1573 monarchoe
1234 1525 1297 1572 ad
1318 1525 1596 1573 habendum
1619 1526 1876 1589 imperium

493 1616 738 1648 summum
775 1600 1155 1663 praescripserat.
1224 1601 1459 1659 Tertium,
1491 1607 1657 1648 utrum
1698 1616 1878 1648 convo-

492 1676 594 1723 cari
618 1675 824 1723 voluerit
854 1675 917 1724 ad
958 1675 1213 1723 arbitrium
1243 1675 1518 1724 monarchae
1539 1676 1666 1723 illius
1690 1683 1878 1738 tempo-

493 1751 626 1809 rarii,
665 1757 714 1798 et
749 1766 850 1799 non
889 1751 1047 1799 aliter.
1132 1750 1470 1814 Supponamus
1502 1751 1604 1814 jam
1637 1749 1876 1814 populum

489 1826 751 1874 tradidisse
802 1842 1028 1873 summum
1070 1825 1328 1889 imperium
1359 1825 1503 1873 alicui
1543 1825 1628 1873 uni
1671 1825 1873 1884 homini,

489 1901 769 1949 habendum
785 1917 875 1964 pro
891 1907 1111 1964 tempore
1125 1907 1319 1949 tantum
1332 1901 1446 1948 vitae
1470 1917 1591 1956 suae3
1617 1900 1749 1964 quod
1763 1916 1874 1948 cum

489 1976 698 2035 fecisset,
721 1984 948 2040 putemus
971 1976 1146 2039 primo,
1172 1992 1198 2023 e
1223 1984 1353 2024 coetu
1388 1992 1781 2039 unumquemque
1803 1976 1874 2024 ita

490 2051 783 2110 discessisse,
818 2058 875 2099 ut
915 2051 975 2099 de
1011 2051 1136 2110 1000,
1159 2051 1245 2098 ubi
1280 2059 1391 2114 post
1427 2059 1636 2099 mortem
1669 2053 1773 2115 ejus
1809 2051 1873 2099 ad

489 2143 668 2175 novam
714 2127 1001 2175 electionem
1047 2134 1474 2190 congregarentur,
1513 2127 1635 2174 nihil
1675 2126 1872 2174 omnino

491 2203 770 2250 ordinatum
808 2203 885 2250 sit.
955 2203 1013 2249 In
1051 2203 1145 2250 hoc
1182 2218 1296 2249 casu
1333 2202 1643 2250 manifestum
1674 2208 1762 2260 est,
1784 2217 1873 2264 per

490 2278 751 2325 articulum
771 2278 995 2340 quintum
1013 2277 1157 2340 hujus
1176 2277 1364 2340 capitis,
1384 2276 1621 2341 populum
1643 2292 1744 2324 non
1768 2292 1873 2324 esse

490 2354 696 2416 amplius
730 2369 1012 2417 personam,
1054 2352 1137 2400 sed
1175 2353 1535 2400 multitudinem
1572 2351 1871 2410 dissolutam,

491 2446 698 2492 quorum
722 2428 921 2476 cuilibet
945 2444 1057 2475 cum
1081 2427 1373 2490 quibuslibet
1392 2426 1648 2474 convenire
1681 2425 1871 2474 diverso

489 2512 724 2567 tempore,
767 2511 817 2551 et
847 2503 956 2551 loco
994 2519 1089 2566 quo
1126 2502 1337 2561 libuerit,
1372 2502 1449 2550 vel
1487 2501 1743 2564 imperium
1781 2501 1873 2549 sibi

488 2595 662 2642 rapere
699 2579 740 2626 si
776 2578 1006 2642 potuerit,
1045 2594 1185 2641 aequo
1218 2579 1344 2641 jure,
1379 2577 1607 2625 nimirum
1645 2577 1872 2636 naturali,

489 2654 676 2701 licitum
700 2662 788 2702 est.
861 2654 1151 2716 Quicunque
1175 2653 1326 2716 igitur
1360 2651 1624 2699 monarcha
1646 2652 1732 2699 tali
1757 2668 1872 2699 con-

491 2729 676 2776 ditione
693 2729 950 2792 imperium
967 2729 1129 2787 habet,
1154 2735 1349 2775 tenetur
1372 2727 1484 2790 lege
1503 2726 1743 2786 naturali,
1764 2743 1872 2790 quae

489 2805 698 2852 habetur
722 2804 880 2867 capite
903 2803 1049 2851 tertio
1085 2803 1290 2850 articulo
1322 2808 1495 2849 octavo
1525 2801 1587 2848 de
1627 2817 1720 2849 non
1756 2803 1872 2850 red-

492 2878 652 2926 dendo
678 2879 807 2926 malo
821 2894 924 2943 pro
956 2878 1091 2935 bono,
1118 2893 1288 2925 cavere
1310 2892 1372 2923 ne
1394 2892 1482 2938 per
1504 2883 1711 2924 mortem
1735 2893 1871 2925 suam
