<?xml version="1.0" encoding="UTF-8"?>
<!DOCTYPE html PUBLIC "-//W3C//DTD XHTML 1.0 Transitional//EN"
    "http://www.w3.org/TR/xhtml1/DTD/xhtml1-transitional.dtd">
<html xmlns="http://www.w3.org/1999/xhtml" xml:lang="en" lang="en">
 <head>
  <title>
</title>
<meta http-equiv="Content-Type" content="text/html;charset=utf-8" />
  <meta name='ocr-system' content='tesseract 3.04.00' />
  <meta name='ocr-capabilities' content='ocr_page ocr_carea ocr_par ocr_line ocrx_word'/>
</head>
<body>
  <div class='ocr_page' id='page_1' title='image "./operaphilosophic02hobbuoft_0200.png"; bbox 0 0 2020 3262; ppageno 0'>
   <div class='ocr_carea' id='block_1_1' title="bbox 497 246 1319 294">
    <p class='ocr_par' dir='ltr' id='par_1_1' title="bbox 497 246 1319 294">
     <span class='ocr_line' id='line_1_1' title="bbox 497 246 1319 294; baseline 0.009 -6"><span class='ocrx_word' id='word_1_1' title='bbox 497 246 587 288; x_wconf 84' lang='lat'>186</span> <span class='ocrx_word' id='word_1_2' title='bbox 1041 260 1319 294; x_wconf 80' lang='lat' dir='ltr'><strong>LIBERTAS.</strong></span> 
     </span>
    </p>
   </div>
   <div class='ocr_carea' id='block_1_2' title="bbox 235 370 1861 435">
    <p class='ocr_par' dir='ltr' id='par_1_2' title="bbox 235 370 1861 435">
     <span class='ocr_line' id='line_1_2' title="bbox 235 370 1861 435; baseline 0.005 -22"><span class='ocrx_word' id='word_1_3' title='bbox 235 386 363 419; x_wconf 67' lang='lat' dir='ltr'>sncrr,</span> <span class='ocrx_word' id='word_1_4' title='bbox 389 386 458 420; x_wconf 82' lang='lat'>111,</span> <span class='ocrx_word' id='word_1_5' title='bbox 491 381 595 414; x_wconf 88' lang='lat' dir='ltr'>esse</span> <span class='ocrx_word' id='word_1_6' title='bbox 617 373 772 430; x_wconf 88' lang='lat' dir='ltr'>putet,</span> <span class='ocrx_word' id='word_1_7' title='bbox 802 384 947 431; x_wconf 89' lang='lat' dir='ltr'>quam</span> <span class='ocrx_word' id='word_1_8' title='bbox 978 370 1093 418; x_wconf 89' lang='lat' dir='ltr'>fidei</span> <span class='ocrx_word' id='word_1_9' title='bbox 1131 372 1230 419; x_wconf 89' lang='lat' dir='ltr'>sive</span> <span class='ocrx_word' id='word_1_10' title='bbox 1249 378 1506 435; x_wconf 88' lang='lat' dir='ltr'>pactorum</span> <span class='ocrx_word' id='word_1_11' title='bbox 1528 372 1861 429; x_wconf 87' lang='lat' dir='ltr'>violationem;</span> 
     </span>
    </p>
   </div>
   <div class='ocr_carea' id='block_1_3' title="bbox 229 439 1862 584">
    <p class='ocr_par' dir='ltr' id='par_1_3' title="bbox 229 439 1862 584">
     <span class='ocr_line' id='line_1_3' title="bbox 246 439 1188 506; baseline 0.004 -16"><span class='ocrx_word' id='word_1_12' title='bbox 246 439 437 506; x_wconf 29' lang='grc' dir='ltr'>*ἐρ</span> <span class='ocrx_word' id='word_1_13' title='bbox 489 448 637 504; x_wconf 92' lang='lat' dir='ltr'>prout</span> <span class='ocrx_word' id='word_1_14' title='bbox 654 458 800 505; x_wconf 88' lang='lat' dir='ltr'>supra</span> <span class='ocrx_word' id='word_1_15' title='bbox 823 444 1078 493; x_wconf 90' lang='lat' dir='ltr'>definitum</span> <span class='ocrx_word' id='word_1_16' title='bbox 1101 454 1188 494; x_wconf 91' lang='lat' dir='ltr'>est.</span> 
     </span>
     <span class='ocr_line' id='line_1_4' title="bbox 229 518 1862 584; baseline 0.008 -27"><span class='ocrx_word' id='word_1_17' title='bbox 229 529 346 559; x_wconf 71' lang='lat' dir='ltr'>v01enfi</span> <span class='ocrx_word' id='word_1_18' title='bbox 558 521 601 565; x_wconf 86' lang='lat'>7.</span> <span class='ocrx_word' id='word_1_19' title='bbox 637 518 789 566; x_wconf 88' lang='lat' dir='ltr'>Vetus</span> <span class='ocrx_word' id='word_1_20' title='bbox 814 527 902 578; x_wconf 88' lang='lat' dir='ltr'>est,</span> <span class='ocrx_word' id='word_1_21' title='bbox 921 520 1103 568; x_wconf 78' lang='lat' dir='ltr'>volenti</span> <span class='ocrx_word' id='word_1_22' title='bbox 1120 537 1214 568; x_wconf 83' lang='lat' dir='ltr'>non</span> <span class='ocrx_word' id='word_1_23' title='bbox 1228 522 1302 583; x_wconf 82' lang='lat' dir='ltr'>fit</span> <span class='ocrx_word' id='word_1_24' title='bbox 1325 521 1528 584; x_wconf 80' lang='lat' dir='ltr'>injuria.</span> <span class='ocrx_word' id='word_1_25' title='bbox 1596 522 1862 571; x_wconf 83' lang='lat' dir='ltr'><strong>Veritatem</strong></span> 
     </span>
    </p>
   </div>
   <div class='ocr_carea' id='block_1_4' title="bbox 229 573 462 613">
    <p class='ocr_par' dir='ltr' id='par_1_4' title="bbox 229 573 462 613">
     <span class='ocr_line' id='line_1_5' title="bbox 229 573 462 613; baseline 0.009 -12"><span class='ocrx_word' id='word_1_26' title='bbox 229 582 289 601; x_wconf 87' lang='lat' dir='ltr'>non</span> <span class='ocrx_word' id='word_1_27' title='bbox 298 573 332 602; x_wconf 84' lang='lat' dir='ltr'>fit</span> <span class='ocrx_word' id='word_1_28' title='bbox 344 575 462 613; x_wconf 78' lang='lat' dir='ltr'>injuria.</span> 
     </span>
    </p>
   </div>
   <div class='ocr_carea' id='block_1_5' title="bbox 223 593 1864 2837">
    <p class='ocr_par' dir='ltr' id='par_1_5' title="bbox 223 593 1864 2837">
     <span class='ocr_line' id='line_1_6' title="bbox 489 593 1862 658; baseline 0.005 -20"><span class='ocrx_word' id='word_1_29' title='bbox 489 597 653 640; x_wconf 88' lang='lat' dir='ltr'>tamen</span> <span class='ocrx_word' id='word_1_30' title='bbox 689 593 806 641; x_wconf 89' lang='lat' dir='ltr'>dicti</span> <span class='ocrx_word' id='word_1_31' title='bbox 842 594 986 642; x_wconf 90' lang='lat' dir='ltr'>liceat</span> <span class='ocrx_word' id='word_1_32' title='bbox 1031 611 1091 643; x_wconf 87' lang='lat' dir='ltr'>ex</span> <span class='ocrx_word' id='word_1_33' title='bbox 1129 596 1380 658; x_wconf 84' lang='lat' dir='ltr'>principiis</span> <span class='ocrx_word' id='word_1_34' title='bbox 1416 596 1592 643; x_wconf 88' lang='lat' dir='ltr'>nostris</span> <span class='ocrx_word' id='word_1_35' title='bbox 1627 596 1862 646; x_wconf 85' lang='lat' dir='ltr'>derivare.</span> 
     </span>
     <span class='ocr_line' id='line_1_7' title="bbox 490 666 1864 734; baseline 0.005 -21"><span class='ocrx_word' id='word_1_36' title='bbox 490 666 692 714; x_wconf 89' lang='lat' dir='ltr'>Factum</span> <span class='ocrx_word' id='word_1_37' title='bbox 716 668 845 715; x_wconf 90' lang='lat' dir='ltr'>enim</span> <span class='ocrx_word' id='word_1_38' title='bbox 875 669 938 715; x_wconf 87' lang='lat' dir='ltr'>sit</span> <span class='ocrx_word' id='word_1_39' title='bbox 969 669 1034 726; x_wconf 88' lang='lat' dir='ltr'>id,</span> <span class='ocrx_word' id='word_1_40' title='bbox 1060 670 1191 732; x_wconf 91' lang='lat' dir='ltr'>quod</span> <span class='ocrx_word' id='word_1_41' title='bbox 1215 670 1320 733; x_wconf 91' lang='lat' dir='ltr'>quis</span> <span class='ocrx_word' id='word_1_42' title='bbox 1343 670 1572 733; x_wconf 87' lang='lat' dir='ltr'>injurium</span> <span class='ocrx_word' id='word_1_43' title='bbox 1595 671 1686 719; x_wconf 91' lang='lat' dir='ltr'>sibi</span> <span class='ocrx_word' id='word_1_44' title='bbox 1708 679 1864 734; x_wconf 90' lang='lat' dir='ltr'>putet,</span> 
     </span>
     <span class='ocr_line' id='line_1_8' title="bbox 488 742 1862 809; baseline 0.005 -21"><span class='ocrx_word' id='word_1_45' title='bbox 488 742 702 789; x_wconf 85' lang='lat' dir='ltr'>volenti:</span> <span class='ocrx_word' id='word_1_46' title='bbox 739 758 870 805; x_wconf 84' lang='lat' dir='ltr'>ergo,</span> <span class='ocrx_word' id='word_1_47' title='bbox 908 744 1101 791; x_wconf 90' lang='lat' dir='ltr'>volente</span> <span class='ocrx_word' id='word_1_48' title='bbox 1126 760 1199 803; x_wconf 88' lang='lat' dir='ltr'>eo,</span> <span class='ocrx_word' id='word_1_49' title='bbox 1235 745 1292 792; x_wconf 86' lang='lat' dir='ltr'>fit</span> <span class='ocrx_word' id='word_1_50' title='bbox 1316 745 1368 792; x_wconf 94' lang='lat' dir='ltr'>id</span> <span class='ocrx_word' id='word_1_51' title='bbox 1400 745 1532 807; x_wconf 91' lang='lat' dir='ltr'>quod</span> <span class='ocrx_word' id='word_1_52' title='bbox 1553 761 1641 808; x_wconf 90' lang='lat' dir='ltr'>per</span> <span class='ocrx_word' id='word_1_53' title='bbox 1662 753 1862 809; x_wconf 89' lang='lat' dir='ltr'>pactum</span> 
     </span>
     <span class='ocr_line' id='line_1_9' title="bbox 488 817 1863 884; baseline 0.004 -21"><span class='ocrx_word' id='word_1_54' title='bbox 488 833 587 864; x_wconf 92' lang='lat' dir='ltr'>non</span> <span class='ocrx_word' id='word_1_55' title='bbox 604 817 755 865; x_wconf 85' lang='lat' dir='ltr'>licuit.</span> <span class='ocrx_word' id='word_1_56' title='bbox 826 819 922 866; x_wconf 86' lang='lat' dir='ltr'>Sed</span> <span class='ocrx_word' id='word_1_57' title='bbox 941 819 1132 866; x_wconf 90' lang='lat' dir='ltr'>volente</span> <span class='ocrx_word' id='word_1_58' title='bbox 1157 836 1213 867; x_wconf 93' lang='lat' dir='ltr'>eo</span> <span class='ocrx_word' id='word_1_59' title='bbox 1231 820 1335 867; x_wconf 88' lang='lat' dir='ltr'>fieri</span> <span class='ocrx_word' id='word_1_60' title='bbox 1358 820 1422 877; x_wconf 91' lang='lat' dir='ltr'>id,</span> <span class='ocrx_word' id='word_1_61' title='bbox 1443 821 1571 883; x_wconf 92' lang='lat' dir='ltr'>quod</span> <span class='ocrx_word' id='word_1_62' title='bbox 1585 827 1745 884; x_wconf 77' lang='lat' dir='ltr'>paeto</span> <span class='ocrx_word' id='word_1_63' title='bbox 1762 837 1863 870; x_wconf 88' lang='lat' dir='ltr'>non</span> 
     </span>
     <span class='ocr_line' id='line_1_10' title="bbox 486 892 1863 960; baseline 0.004 -22"><span class='ocrx_word' id='word_1_64' title='bbox 486 892 678 950; x_wconf 83' lang='lat' dir='ltr'>licebat,</span> <span class='ocrx_word' id='word_1_65' title='bbox 703 900 910 956; x_wconf 77' lang='lat' dir='ltr'>pactum</span> <span class='ocrx_word' id='word_1_66' title='bbox 948 894 1107 957; x_wconf 72' lang='lat' dir='ltr'>ipsum</span> <span class='ocrx_word' id='word_1_67' title='bbox 1143 895 1250 958; x_wconf 89' lang='lat' dir='ltr'>(per</span> <span class='ocrx_word' id='word_1_68' title='bbox 1286 896 1545 943; x_wconf 88' lang='lat' dir='ltr'>articulum</span> <span class='ocrx_word' id='word_1_69' title='bbox 1586 902 1660 955; x_wconf 89' lang='lat'>15,</span> <span class='ocrx_word' id='word_1_70' title='bbox 1692 896 1863 960; x_wconf 88' lang='lat' dir='ltr'>capitis</span> 
     </span>
     <span class='ocr_line' id='line_1_11' title="bbox 486 967 1860 1034; baseline 0.004 -20"><span class='ocrx_word' id='word_1_71' title='bbox 486 967 824 1030; x_wconf 73' lang='lat' dir='ltr'>praecedentis)</span> <span class='ocrx_word' id='word_1_72' title='bbox 852 970 910 1016; x_wconf 85' lang='lat' dir='ltr'>fit</span> <span class='ocrx_word' id='word_1_73' title='bbox 949 969 1169 1026; x_wconf 83' lang='lat' dir='ltr'>irritum3</span> <span class='ocrx_word' id='word_1_74' title='bbox 1192 972 1283 1033; x_wconf 77' lang='lat' dir='ltr'>jus</span> <span class='ocrx_word' id='word_1_75' title='bbox 1316 987 1431 1034; x_wconf 82' lang='lat' dir='ltr'>ergo</span> <span class='ocrx_word' id='word_1_76' title='bbox 1465 971 1674 1019; x_wconf 90' lang='lat' dir='ltr'>faciendi</span> <span class='ocrx_word' id='word_1_77' title='bbox 1706 971 1860 1027; x_wconf 83' lang='lat' dir='ltr'>redit3</span> 
     </span>
     <span class='ocr_line' id='line_1_12' title="bbox 487 1043 1517 1107; baseline 0.005 -18"><span class='ocrx_word' id='word_1_78' title='bbox 487 1043 544 1090; x_wconf 91' lang='lat' dir='ltr'>fit</span> <span class='ocrx_word' id='word_1_79' title='bbox 567 1043 717 1106; x_wconf 85' lang='lat' dir='ltr'>igitur</span> <span class='ocrx_word' id='word_1_80' title='bbox 727 1045 849 1105; x_wconf 80' lang='lat' dir='ltr'>jure</span> <span class='ocrx_word' id='word_1_81' title='bbox 867 1063 886 1098; x_wconf 92' lang='lat'><em>;</em></span> <span class='ocrx_word' id='word_1_82' title='bbox 923 1060 1070 1106; x_wconf 88' lang='lat' dir='ltr'>quare</span> <span class='ocrx_word' id='word_1_83' title='bbox 1095 1045 1284 1107; x_wconf 73' lang='lat' dir='ltr'>injuria</span> <span class='ocrx_word' id='word_1_84' title='bbox 1306 1061 1406 1093; x_wconf 91' lang='lat' dir='ltr'>non</span> <span class='ocrx_word' id='word_1_85' title='bbox 1430 1054 1517 1094; x_wconf 89' lang='lat' dir='ltr'>est.</span> 
     </span>
     <span class='ocr_line' id='line_1_13' title="bbox 248 1120 1862 1184; baseline 0.001 -18"><span class='ocrx_word' id='word_1_86' title='bbox 248 1129 311 1178; x_wconf 59' lang='lat'>¹⁴³¹.</span> <span class='ocrx_word' id='word_1_87' title='bbox 322 1131 434 1178; x_wconf 61' lang='lat' dir='ltr'>natuzae</span> <span class='ocrx_word' id='word_1_88' title='bbox 557 1124 600 1167; x_wconf 88' lang='grc'>8.</span> <span class='ocrx_word' id='word_1_89' title='bbox 637 1120 780 1182; x_wconf 84' lang='lat' dir='ltr'>Legis</span> <span class='ocrx_word' id='word_1_90' title='bbox 816 1121 1051 1167; x_wconf 85' lang='lat' dir='ltr'>naturalis</span> <span class='ocrx_word' id='word_1_91' title='bbox 1091 1128 1389 1184; x_wconf 88' lang='lat' dir='ltr'>praeceptum</span> <span class='ocrx_word' id='word_1_92' title='bbox 1434 1122 1634 1170; x_wconf 87' lang='lat' dir='ltr'>tertium</span> <span class='ocrx_word' id='word_1_93' title='bbox 1680 1129 1770 1180; x_wconf 90' lang='lat' dir='ltr'>est,</span> <span class='ocrx_word' id='word_1_94' title='bbox 1802 1137 1862 1169; x_wconf 79' lang='lat' dir='ltr'>ne</span> 
     </span>
     <span class='ocr_line' id='line_1_14' title="bbox 239 1173 1861 1259; baseline 0 -16"><span class='ocrx_word' id='word_1_95' title='bbox 239 1173 444 1252; x_wconf 49' lang='grc' dir='ltr'>Ξὶἓῗιιὲἶῃῗ</span> <span class='ocrx_word' id='word_1_96' title='bbox 488 1211 609 1253; x_wconf 81' lang='lat' dir='ltr'>eum,</span> <span class='ocrx_word' id='word_1_97' title='bbox 634 1195 926 1258; x_wconf 80' lang='lat' dir='ltr'>quifidueia</span> <span class='ocrx_word' id='word_1_98' title='bbox 952 1196 1025 1242; x_wconf 75' lang='lat' dir='ltr'>tui</span> <span class='ocrx_word' id='word_1_99' title='bbox 1050 1195 1141 1242; x_wconf 75' lang='lat' dir='ltr'><em>tibi</em></span> <span class='ocrx_word' id='word_1_100' title='bbox 1160 1196 1310 1259; x_wconf 79' lang='lat' dir='ltr'>prior</span> <span class='ocrx_word' id='word_1_101' title='bbox 1335 1195 1651 1258; x_wconf 78' lang='lat' dir='ltr'>benefecerit,</span> <span class='ocrx_word' id='word_1_102' title='bbox 1670 1213 1776 1244; x_wconf 84' lang='lat' dir='ltr'>eam</span> <span class='ocrx_word' id='word_1_103' title='bbox 1801 1195 1861 1243; x_wconf 87' lang='lat' dir='ltr'>ob</span> 
     </span>
     <span class='ocr_line' id='line_1_15' title="bbox 487 1269 1862 1334; baseline 0.003 -19"><span class='ocrx_word' id='word_1_104' title='bbox 487 1286 593 1316; x_wconf 83' lang='lat' dir='ltr'>rem</span> <span class='ocrx_word' id='word_1_105' title='bbox 639 1269 890 1316; x_wconf 82' lang='lat' dir='ltr'><em>deteriore</em></span> <span class='ocrx_word' id='word_1_106' title='bbox 925 1269 1205 1317; x_wconf 79' lang='lat' dir='ltr'>conditione</span> <span class='ocrx_word' id='word_1_107' title='bbox 1241 1286 1350 1317; x_wconf 73' lang='lat' dir='ltr'>esse</span> <span class='ocrx_word' id='word_1_108' title='bbox 1375 1271 1625 1334; x_wconf 74' lang='lat' dir='ltr'>patiaris,</span> <span class='ocrx_word' id='word_1_109' title='bbox 1662 1271 1762 1319; x_wconf 90' lang='lat' dir='ltr'>sive</span> <span class='ocrx_word' id='word_1_110' title='bbox 1801 1287 1862 1318; x_wconf 82' lang='lat' dir='ltr'>ne</span> 
     </span>
     <span class='ocr_line' id='line_1_16' title="bbox 489 1344 1861 1407; baseline 0.001 -15"><span class='ocrx_word' id='word_1_111' title='bbox 489 1345 712 1407; x_wconf 80' lang='lat' dir='ltr'>accipiat</span> <span class='ocrx_word' id='word_1_112' title='bbox 736 1345 995 1407; x_wconf 74' lang='lat' dir='ltr'>quisquam</span> <span class='ocrx_word' id='word_1_113' title='bbox 1021 1344 1316 1406; x_wconf 80' lang='lat' dir='ltr'>beneficium,</span> <span class='ocrx_word' id='word_1_114' title='bbox 1352 1346 1451 1392; x_wconf 79' lang='lat' dir='ltr'>nisi</span> <span class='ocrx_word' id='word_1_115' title='bbox 1485 1345 1645 1392; x_wconf 79' lang='lat' dir='ltr'>animo</span> <span class='ocrx_word' id='word_1_116' title='bbox 1669 1346 1861 1394; x_wconf 82' lang='lat' dir='ltr'>nitendi</span> 
     </span>
     <span class='ocr_line' id='line_1_17' title="bbox 489 1418 1861 1484; baseline 0.001 -18"><span class='ocrx_word' id='word_1_117' title='bbox 489 1436 549 1466; x_wconf 83' lang='lat' dir='ltr'>ne</span> <span class='ocrx_word' id='word_1_118' title='bbox 584 1419 782 1465; x_wconf 83' lang='lat' dir='ltr'><em>dantem</em></span> <span class='ocrx_word' id='word_1_119' title='bbox 821 1418 932 1465; x_wconf 79' lang='lat' dir='ltr'>dati</span> <span class='ocrx_word' id='word_1_120' title='bbox 968 1419 1144 1466; x_wconf 83' lang='lat' dir='ltr'>merito</span> <span class='ocrx_word' id='word_1_121' title='bbox 1174 1419 1439 1482; x_wconf 65' lang='lat' dir='ltr'>paeniteat.</span> <span class='ocrx_word' id='word_1_122' title='bbox 1510 1420 1638 1467; x_wconf 89' lang='lat' dir='ltr'>Nam</span> <span class='ocrx_word' id='word_1_123' title='bbox 1677 1421 1861 1484; x_wconf 84' lang='lat' dir='ltr'><strong>absque</strong></span> 
     </span>
     <span class='ocr_line' id='line_1_18' title="bbox 487 1493 1862 1559; baseline 0.002 -19"><span class='ocrx_word' id='word_1_124' title='bbox 487 1493 596 1552; x_wconf 85' lang='lat' dir='ltr'>hoc,</span> <span class='ocrx_word' id='word_1_125' title='bbox 621 1500 793 1541; x_wconf 86' lang='lat' dir='ltr'>contra</span> <span class='ocrx_word' id='word_1_126' title='bbox 825 1494 1063 1541; x_wconf 89' lang='lat' dir='ltr'>rationem</span> <span class='ocrx_word' id='word_1_127' title='bbox 1096 1494 1282 1552; x_wconf 86' lang='lat' dir='ltr'>fecerit,</span> <span class='ocrx_word' id='word_1_128' title='bbox 1308 1495 1347 1542; x_wconf 91' lang='lat' dir='ltr'>si</span> <span class='ocrx_word' id='word_1_129' title='bbox 1378 1496 1500 1557; x_wconf 90' lang='lat' dir='ltr'>quis,</span> <span class='ocrx_word' id='word_1_130' title='bbox 1527 1495 1657 1558; x_wconf 93' lang='lat' dir='ltr'>quod</span> <span class='ocrx_word' id='word_1_131' title='bbox 1678 1497 1862 1559; x_wconf 87' lang='lat' dir='ltr'>peritu-</span> 
     </span>
     <span class='ocr_line' id='line_1_19' title="bbox 487 1569 1861 1634; baseline 0.003 -19"><span class='ocrx_word' id='word_1_132' title='bbox 487 1584 596 1616; x_wconf 89' lang='lat' dir='ltr'>rum</span> <span class='ocrx_word' id='word_1_133' title='bbox 630 1569 765 1616; x_wconf 84' lang='lat' dir='ltr'>videt</span> <span class='ocrx_word' id='word_1_134' title='bbox 797 1569 1100 1627; x_wconf 89' lang='lat' dir='ltr'>beneficium,</span> <span class='ocrx_word' id='word_1_135' title='bbox 1123 1569 1257 1632; x_wconf 86' lang='lat' dir='ltr'>prior</span> <span class='ocrx_word' id='word_1_136' title='bbox 1298 1570 1585 1626; x_wconf 89' lang='lat' dir='ltr'>contulerit;</span> <span class='ocrx_word' id='word_1_137' title='bbox 1620 1577 1766 1634; x_wconf 87' lang='lat' dir='ltr'>atque</span> <span class='ocrx_word' id='word_1_138' title='bbox 1803 1587 1861 1619; x_wconf 91' lang='lat' dir='ltr'>eo</span> 
     </span>
     <span class='ocr_line' id='line_1_20' title="bbox 487 1643 1862 1694; baseline 0.002 -3"><span class='ocrx_word' id='word_1_139' title='bbox 487 1643 632 1691; x_wconf 91' lang='lat' dir='ltr'>modo</span> <span class='ocrx_word' id='word_1_140' title='bbox 657 1644 812 1691; x_wconf 90' lang='lat' dir='ltr'>omnis</span> <span class='ocrx_word' id='word_1_141' title='bbox 830 1644 1019 1691; x_wconf 89' lang='lat' dir='ltr'>sublata</span> <span class='ocrx_word' id='word_1_142' title='bbox 1042 1644 1134 1691; x_wconf 90' lang='lat' dir='ltr'>erit</span> <span class='ocrx_word' id='word_1_143' title='bbox 1151 1644 1278 1691; x_wconf 88' lang='lat' dir='ltr'>inter</span> <span class='ocrx_word' id='word_1_144' title='bbox 1306 1645 1524 1692; x_wconf 89' lang='lat' dir='ltr'>homines</span> <span class='ocrx_word' id='word_1_145' title='bbox 1540 1646 1862 1694; x_wconf 88' lang='lat' dir='ltr'>beneficentia</span> 
     </span>
     <span class='ocr_line' id='line_1_21' title="bbox 487 1719 1862 1784; baseline 0.003 -18"><span class='ocrx_word' id='word_1_146' title='bbox 487 1726 538 1766; x_wconf 89' lang='lat' dir='ltr'>et</span> <span class='ocrx_word' id='word_1_147' title='bbox 559 1719 752 1778; x_wconf 90' lang='lat' dir='ltr'>fiducia,</span> <span class='ocrx_word' id='word_1_148' title='bbox 772 1734 965 1782; x_wconf 91' lang='lat' dir='ltr'>unaque</span> <span class='ocrx_word' id='word_1_149' title='bbox 984 1719 1140 1766; x_wconf 89' lang='lat' dir='ltr'>omnis</span> <span class='ocrx_word' id='word_1_150' title='bbox 1158 1719 1495 1768; x_wconf 87' lang='lat' dir='ltr'>benevolentia</span> <span class='ocrx_word' id='word_1_151' title='bbox 1513 1741 1525 1776; x_wconf 93' lang='lat'>;</span> <span class='ocrx_word' id='word_1_152' title='bbox 1559 1737 1717 1784; x_wconf 91' lang='lat' dir='ltr'>neque</span> <span class='ocrx_word' id='word_1_153' title='bbox 1735 1728 1862 1770; x_wconf 88' lang='lat' dir='ltr'>esset</span> 
     </span>
     <span class='ocr_line' id='line_1_22' title="bbox 486 1795 1860 1859; baseline 0.001 -17"><span class='ocrx_word' id='word_1_154' title='bbox 486 1796 614 1842; x_wconf 91' lang='lat' dir='ltr'>inter</span> <span class='ocrx_word' id='word_1_155' title='bbox 637 1811 719 1842; x_wconf 90' lang='lat' dir='ltr'>eos</span> <span class='ocrx_word' id='word_1_156' title='bbox 743 1795 1007 1858; x_wconf 88' lang='lat' dir='ltr'>quidquam</span> <span class='ocrx_word' id='word_1_157' title='bbox 1042 1802 1222 1842; x_wconf 85' lang='lat' dir='ltr'>mutuae</span> <span class='ocrx_word' id='word_1_158' title='bbox 1258 1795 1378 1858; x_wconf 90' lang='lat' dir='ltr'>opis,</span> <span class='ocrx_word' id='word_1_159' title='bbox 1402 1811 1492 1843; x_wconf 87' lang='lat' dir='ltr'>nee</span> <span class='ocrx_word' id='word_1_160' title='bbox 1514 1796 1667 1844; x_wconf 90' lang='lat' dir='ltr'>ullum</span> <span class='ocrx_word' id='word_1_161' title='bbox 1689 1796 1860 1859; x_wconf 86' lang='lat' dir='ltr'>gratiae</span> 
     </span>
     <span class='ocr_line' id='line_1_23' title="bbox 487 1870 1860 1933; baseline 0.001 -16"><span class='ocrx_word' id='word_1_162' title='bbox 487 1870 804 1918; x_wconf 88' lang='lat' dir='ltr'>conciliandae</span> <span class='ocrx_word' id='word_1_163' title='bbox 826 1870 1034 1917; x_wconf 88' lang='lat' dir='ltr'>initium.</span> <span class='ocrx_word' id='word_1_164' title='bbox 1102 1871 1176 1917; x_wconf 88' lang='lat' dir='ltr'>Ex</span> <span class='ocrx_word' id='word_1_165' title='bbox 1200 1886 1296 1933; x_wconf 88' lang='lat' dir='ltr'>quo</span> <span class='ocrx_word' id='word_1_166' title='bbox 1328 1877 1482 1918; x_wconf 88' lang='lat' dir='ltr'>status</span> <span class='ocrx_word' id='word_1_167' title='bbox 1504 1871 1618 1918; x_wconf 91' lang='lat' dir='ltr'>belli</span> <span class='ocrx_word' id='word_1_168' title='bbox 1640 1887 1860 1919; x_wconf 87' lang='lat' dir='ltr'>necessa-</span> 
     </span>
     <span class='ocr_line' id='line_1_24' title="bbox 487 1944 1860 2009; baseline 0.001 -17"><span class='ocrx_word' id='word_1_169' title='bbox 487 1945 560 1992; x_wconf 90' lang='lat' dir='ltr'>rio</span> <span class='ocrx_word' id='word_1_170' title='bbox 585 1961 839 1992; x_wconf 89' lang='lat' dir='ltr'>mansurus</span> <span class='ocrx_word' id='word_1_171' title='bbox 864 1953 953 2004; x_wconf 90' lang='lat' dir='ltr'>est,</span> <span class='ocrx_word' id='word_1_172' title='bbox 971 1952 1141 1993; x_wconf 88' lang='lat' dir='ltr'>contra</span> <span class='ocrx_word' id='word_1_173' title='bbox 1163 1944 1322 2008; x_wconf 83' lang='lat' dir='ltr'><em>legem</em></span> <span class='ocrx_word' id='word_1_174' title='bbox 1353 1946 1860 2009; x_wconf 77' lang='lat' dir='ltr'>naturoefundamen-</span> 
     </span>
     <span class='ocr_line' id='line_1_25' title="bbox 488 2019 1860 2083; baseline 0.002 -17"><span class='ocrx_word' id='word_1_175' title='bbox 488 2019 652 2067; x_wconf 83' lang='lat' dir='ltr'>talem.</span> <span class='ocrx_word' id='word_1_176' title='bbox 737 2020 981 2068; x_wconf 75' lang='lat' dir='ltr'>Quoniam</span> <span class='ocrx_word' id='word_1_177' title='bbox 1020 2035 1135 2067; x_wconf 87' lang='lat' dir='ltr'>vero</span> <span class='ocrx_word' id='word_1_178' title='bbox 1175 2019 1296 2082; x_wconf 86' lang='lat' dir='ltr'>legis</span> <span class='ocrx_word' id='word_1_179' title='bbox 1331 2020 1476 2083; x_wconf 86' lang='lat' dir='ltr'>hujus</span> <span class='ocrx_word' id='word_1_180' title='bbox 1524 2021 1721 2069; x_wconf 89' lang='lat' dir='ltr'>violatio</span> <span class='ocrx_word' id='word_1_181' title='bbox 1759 2037 1860 2070; x_wconf 90' lang='lat' dir='ltr'>non</span> 
     </span>
     <span class='ocr_line' id='line_1_26' title="bbox 487 2094 1859 2159; baseline 0.001 -17"><span class='ocrx_word' id='word_1_182' title='bbox 487 2103 560 2142; x_wconf 89' lang='lat' dir='ltr'>est</span> <span class='ocrx_word' id='word_1_183' title='bbox 588 2094 703 2142; x_wconf 90' lang='lat' dir='ltr'>fidei</span> <span class='ocrx_word' id='word_1_184' title='bbox 728 2095 826 2142; x_wconf 90' lang='lat' dir='ltr'>sive</span> <span class='ocrx_word' id='word_1_185' title='bbox 863 2102 1118 2158; x_wconf 89' lang='lat' dir='ltr'>pactorum</span> <span class='ocrx_word' id='word_1_186' title='bbox 1151 2095 1349 2142; x_wconf 90' lang='lat' dir='ltr'>violatio</span> <span class='ocrx_word' id='word_1_187' title='bbox 1372 2114 1382 2142; x_wconf 90' lang='lat'><strong>:</strong></span> <span class='ocrx_word' id='word_1_188' title='bbox 1420 2097 1709 2159; x_wconf 82' lang='lat' dir='ltr'>supponitur</span> <span class='ocrx_word' id='word_1_189' title='bbox 1731 2096 1859 2144; x_wconf 90' lang='lat' dir='ltr'>enim</span> 
     </span>
     <span class='ocr_line' id='line_1_27' title="bbox 485 2170 1859 2234; baseline 0.001 -16"><span class='ocrx_word' id='word_1_190' title='bbox 485 2171 620 2219; x_wconf 87' lang='lat' dir='ltr'>nulla</span> <span class='ocrx_word' id='word_1_191' title='bbox 642 2172 771 2219; x_wconf 88' lang='lat' dir='ltr'>inter</span> <span class='ocrx_word' id='word_1_192' title='bbox 794 2187 876 2219; x_wconf 87' lang='lat' dir='ltr'>eos</span> <span class='ocrx_word' id='word_1_193' title='bbox 899 2170 1227 2218; x_wconf 83' lang='lat' dir='ltr'>intercessisse</span> <span class='ocrx_word' id='word_1_194' title='bbox 1249 2178 1392 2233; x_wconf 89' lang='lat' dir='ltr'>pacta</span> <span class='ocrx_word' id='word_1_195' title='bbox 1413 2190 1424 2218; x_wconf 75' lang='grc' dir='ltr'>ε</span> <span class='ocrx_word' id='word_1_196' title='bbox 1459 2172 1569 2219; x_wconf 91' lang='lat' dir='ltr'>ideo</span> <span class='ocrx_word' id='word_1_197' title='bbox 1604 2188 1761 2234; x_wconf 91' lang='lat' dir='ltr'>neque</span> <span class='ocrx_word' id='word_1_198' title='bbox 1784 2172 1859 2219; x_wconf 81' lang='lat' dir='ltr'>in-</span> 
     </span>
     <span class='ocr_line' id='line_1_28' title="bbox 473 2246 1858 2309; baseline 0.003 -19"><span class='ocrx_word' id='word_1_199' title='bbox 473 2247 622 2309; x_wconf 72' lang='lat' dir='ltr'>Juria</span> <span class='ocrx_word' id='word_1_200' title='bbox 639 2247 880 2294; x_wconf 87' lang='lat' dir='ltr'>nominari</span> <span class='ocrx_word' id='word_1_201' title='bbox 898 2246 1019 2293; x_wconf 87' lang='lat' dir='ltr'>solet</span> <span class='ocrx_word' id='word_1_202' title='bbox 1039 2267 1050 2302; x_wconf 92' lang='lat'>;</span> <span class='ocrx_word' id='word_1_203' title='bbox 1087 2246 1172 2293; x_wconf 87' lang='lat' dir='ltr'>sed</span> <span class='ocrx_word' id='word_1_204' title='bbox 1195 2246 1309 2308; x_wconf 88' lang='lat' dir='ltr'>quia</span> <span class='ocrx_word' id='word_1_205' title='bbox 1330 2246 1593 2309; x_wconf 88' lang='lat' dir='ltr'>respiciunt</span> <span class='ocrx_word' id='word_1_206' title='bbox 1615 2262 1666 2294; x_wconf 93' lang='lat' dir='ltr'>se</span> <span class='ocrx_word' id='word_1_207' title='bbox 1689 2254 1858 2295; x_wconf 90' lang='lat' dir='ltr'>mutuo</span> 
     </span>
     <span class='ocr_line' id='line_1_29' title="bbox 487 2321 1774 2385; baseline 0 -16"><span class='ocrx_word' id='word_1_208' title='bbox 487 2321 768 2384; x_wconf 81' lang='lat' dir='ltr'>beneficium</span> <span class='ocrx_word' id='word_1_209' title='bbox 792 2328 842 2368; x_wconf 86' lang='lat' dir='ltr'>et</span> <span class='ocrx_word' id='word_1_210' title='bbox 861 2321 1058 2385; x_wconf 78' lang='lat' dir='ltr'>gratia,</span> <span class='ocrx_word' id='word_1_211' title='bbox 1084 2334 1466 2369; x_wconf 83' lang='lat' dir='ltr'><strong>INGRATITUDO</strong></span> <span class='ocrx_word' id='word_1_212' title='bbox 1491 2321 1774 2384; x_wconf 89' lang='lat' dir='ltr'>appellatur.</span> 
     </span>
     <span class='ocr_line' id='line_1_30' title="bbox 225 2396 1857 2460; baseline 0.001 -17"><span class='ocrx_word' id='word_1_213' title='bbox 225 2408 285 2436; x_wconf 81' lang='lat' dir='ltr'>Lex</span> <span class='ocrx_word' id='word_1_214' title='bbox 298 2410 410 2436; x_wconf 81' lang='lat' dir='ltr'>naturae</span> <span class='ocrx_word' id='word_1_215' title='bbox 436 2451 442 2457; x_wconf 52' lang='grc'>,</span> <span class='ocrx_word' id='word_1_216' title='bbox 550 2403 598 2445; x_wconf 90' lang='lat'>9.</span> <span class='ocrx_word' id='word_1_217' title='bbox 637 2397 880 2445; x_wconf 73' lang='lat' dir='ltr'>Quartum</span> <span class='ocrx_word' id='word_1_218' title='bbox 893 2402 1194 2458; x_wconf 73' lang='lat' dir='ltr'>praeceptum</span> <span class='ocrx_word' id='word_1_219' title='bbox 1207 2402 1394 2443; x_wconf 87' lang='lat' dir='ltr'>naturae</span> <span class='ocrx_word' id='word_1_220' title='bbox 1417 2403 1507 2454; x_wconf 86' lang='lat' dir='ltr'>est,</span> <span class='ocrx_word' id='word_1_221' title='bbox 1527 2401 1580 2442; x_wconf 81' lang='lat' dir='ltr'>ut</span> <span class='ocrx_word' id='word_1_222' title='bbox 1599 2396 1857 2460; x_wconf 70' lang='lat' dir='ltr'>unusquis-</span> 
     </span>
     <span class='ocr_line' id='line_1_31' title="bbox 223 2454 1858 2537; baseline -0.001 -15"><span class='ocrx_word' id='word_1_223' title='bbox 223 2461 297 2531; x_wconf 51' lang='lat'>{321</span> <span class='ocrx_word' id='word_1_224' title='bbox 293 2454 469 2531; x_wconf 57' lang='grc' dir='ltr'>ζζῬῗΞεὲΪζῗ</span> <span class='ocrx_word' id='word_1_225' title='bbox 485 2489 579 2537; x_wconf 80' lang='lat' dir='ltr'>que</span> <span class='ocrx_word' id='word_1_226' title='bbox 596 2489 650 2519; x_wconf 75' lang='lat' dir='ltr'>se</span> <span class='ocrx_word' id='word_1_227' title='bbox 665 2471 859 2519; x_wconf 75' lang='lat' dir='ltr'>eoeteris</span> <span class='ocrx_word' id='word_1_228' title='bbox 879 2471 1171 2518; x_wconf 79' lang='lat' dir='ltr'>commodum</span> <span class='ocrx_word' id='word_1_229' title='bbox 1186 2477 1414 2534; x_wconf 76' lang='lat' dir='ltr'>proestet.</span> <span class='ocrx_word' id='word_1_230' title='bbox 1485 2471 1630 2519; x_wconf 77' lang='lat' dir='ltr'>Quod</span> <span class='ocrx_word' id='word_1_231' title='bbox 1652 2478 1709 2520; x_wconf 92' lang='lat' dir='ltr'>ut</span> <span class='ocrx_word' id='word_1_232' title='bbox 1726 2479 1858 2520; x_wconf 87' lang='lat' dir='ltr'>recte</span> 
     </span>
     <span class='ocr_line' id='line_1_32' title="bbox 224 2538 1858 2611; baseline -0.001 -15"><span class='ocrx_word' id='word_1_233' title='bbox 224 2538 412 2566; x_wconf 66' lang='lat' dir='ltr'>⁰⁰¹¹¹¹¹¹⁰d¹²¹¹¹·</span> <span class='ocrx_word' id='word_1_234' title='bbox 484 2549 798 2611; x_wconf 86' lang='lat' dir='ltr'>intelligatur,</span> <span class='ocrx_word' id='word_1_235' title='bbox 838 2546 1223 2594; x_wconf 88' lang='lat' dir='ltr'>animadvertere</span> <span class='ocrx_word' id='word_1_236' title='bbox 1257 2553 1463 2609; x_wconf 86' lang='lat' dir='ltr'>oportet,</span> <span class='ocrx_word' id='word_1_237' title='bbox 1488 2562 1588 2594; x_wconf 90' lang='lat' dir='ltr'>esse</span> <span class='ocrx_word' id='word_1_238' title='bbox 1622 2547 1674 2594; x_wconf 91' lang='lat' dir='ltr'>in</span> <span class='ocrx_word' id='word_1_239' title='bbox 1702 2547 1858 2595; x_wconf 90' lang='lat' dir='ltr'>homi-</span> 
     </span>
     <span class='ocr_line' id='line_1_33' title="bbox 485 2621 1856 2684; baseline -0.002 -12"><span class='ocrx_word' id='word_1_240' title='bbox 485 2625 627 2672; x_wconf 90' lang='lat' dir='ltr'>nibus</span> <span class='ocrx_word' id='word_1_241' title='bbox 651 2623 715 2670; x_wconf 89' lang='lat' dir='ltr'>ad</span> <span class='ocrx_word' id='word_1_242' title='bbox 736 2622 1020 2670; x_wconf 89' lang='lat' dir='ltr'>societatem</span> <span class='ocrx_word' id='word_1_243' title='bbox 1041 2621 1303 2668; x_wconf 87' lang='lat' dir='ltr'>ineundam</span> <span class='ocrx_word' id='word_1_244' title='bbox 1322 2621 1650 2669; x_wconf 86' lang='lat' dir='ltr'>diversitatem</span> <span class='ocrx_word' id='word_1_245' title='bbox 1666 2621 1856 2684; x_wconf 85' lang='lat' dir='ltr'>ingeni-</span> 
     </span>
     <span class='ocr_line' id='line_1_34' title="bbox 486 2696 1857 2757; baseline -0.002 -10"><span class='ocrx_word' id='word_1_246' title='bbox 486 2716 641 2757; x_wconf 88' lang='lat' dir='ltr'>orum,</span> <span class='ocrx_word' id='word_1_247' title='bbox 662 2706 821 2747; x_wconf 87' lang='lat' dir='ltr'>ortam</span> <span class='ocrx_word' id='word_1_248' title='bbox 843 2713 873 2744; x_wconf 92' lang='lat' dir='ltr'>a</span> <span class='ocrx_word' id='word_1_249' title='bbox 896 2697 1173 2744; x_wconf 88' lang='lat' dir='ltr'>diversitate</span> <span class='ocrx_word' id='word_1_250' title='bbox 1196 2697 1470 2755; x_wconf 88' lang='lat' dir='ltr'>affectuum,</span> <span class='ocrx_word' id='word_1_251' title='bbox 1494 2696 1626 2744; x_wconf 88' lang='lat' dir='ltr'>haud</span> <span class='ocrx_word' id='word_1_252' title='bbox 1649 2696 1857 2756; x_wconf 87' lang='lat' dir='ltr'>dissimi-</span> 
     </span>
     <span class='ocr_line' id='line_1_35' title="bbox 485 2771 1859 2837; baseline -0.001 -15"><span class='ocrx_word' id='word_1_253' title='bbox 485 2775 581 2822; x_wconf 90' lang='lat' dir='ltr'>lem</span> <span class='ocrx_word' id='word_1_254' title='bbox 598 2774 668 2822; x_wconf 91' lang='lat' dir='ltr'>illi</span> <span class='ocrx_word' id='word_1_255' title='bbox 691 2789 800 2837; x_wconf 86' lang='lat' dir='ltr'>quae</span> <span class='ocrx_word' id='word_1_256' title='bbox 821 2772 1062 2835; x_wconf 88' lang='lat' dir='ltr'>reperitur</span> <span class='ocrx_word' id='word_1_257' title='bbox 1084 2772 1136 2819; x_wconf 87' lang='lat' dir='ltr'>in</span> <span class='ocrx_word' id='word_1_258' title='bbox 1168 2771 1408 2834; x_wconf 88' lang='lat' dir='ltr'>lapidibus</span> <span class='ocrx_word' id='word_1_259' title='bbox 1431 2771 1494 2818; x_wconf 90' lang='lat' dir='ltr'>ad</span> <span class='ocrx_word' id='word_1_260' title='bbox 1518 2771 1859 2820; x_wconf 79' lang='lat' dir='ltr'>aedificandum</span> 
     </span>
    </p>
   </div>
   <div class='ocr_carea' id='block_1_6' title="bbox 487 2846 1855 2913">
    <p class='ocr_par' dir='ltr' id='par_1_6' title="bbox 487 2846 1855 2913">
     <span class='ocr_line' id='line_1_36' title="bbox 487 2846 1855 2913; baseline -0.002 -15"><span class='ocrx_word' id='word_1_261' title='bbox 487 2849 804 2913; x_wconf 86' lang='lat' dir='ltr'>comportatis</span> <span class='ocrx_word' id='word_1_262' title='bbox 828 2865 858 2896; x_wconf 90' lang='lat' dir='ltr'>a</span> <span class='ocrx_word' id='word_1_263' title='bbox 892 2847 1171 2896; x_wconf 88' lang='lat' dir='ltr'>diversitate</span> <span class='ocrx_word' id='word_1_264' title='bbox 1194 2846 1410 2894; x_wconf 88' lang='lat' dir='ltr'>materiae</span> <span class='ocrx_word' id='word_1_265' title='bbox 1433 2854 1483 2894; x_wconf 91' lang='lat' dir='ltr'>et</span> <span class='ocrx_word' id='word_1_266' title='bbox 1506 2847 1691 2910; x_wconf 87' lang='lat' dir='ltr'>figurae.</span> <span class='ocrx_word' id='word_1_267' title='bbox 1729 2847 1855 2897; x_wconf 90' lang='lat' dir='ltr'>Nam</span> 
     </span>
    </p>
   </div>
   <div class='ocr_carea' id='block_1_7' title="bbox 1978 0 2020 491">
    <p class='ocr_par' dir='ltr' id='par_1_7' title="bbox 1978 0 2020 491">
     <span class='ocr_line' id='line_1_37' title="bbox 1978 0 2020 491; baseline 0 2771"><span class='ocrx_word' id='word_1_268' title='bbox 1978 0 2020 491; x_wconf 95' lang='lat' dir='ltr'> </span> 
     </span>
    </p>
   </div>
  </div>
 </body>
</html>
