1994 3276
197 403 324 435 SECT.
344 403 412 436 111.

282 454 330 484 18.

177 1367 283 1400 Qualis
297 1367 334 1395 sit
347 1377 388 1401 ea,

175 1420 241 1447 quae
252 1411 414 1447 requiritur,

177 1454 348 1482 obedientia.

456 261 554 303 416
1018 272 1262 306 nummo.

454 379 525 426 rei
549 394 711 426 sumus
735 381 1052 429 contumaciae
1085 381 1314 428 adversus
1344 380 1501 428 Deum
1534 380 1586 428 in
1621 379 1825 440 Adamo,

454 460 504 501 et
525 461 761 517 praeterea
777 454 868 518 ipsi
891 463 1005 503 actu
1022 456 1342 519 peccavimus,
1357 471 1457 502 non
1475 454 1828 504 sufficitvobedi-

453 528 589 575 entia
606 528 707 576 sine
726 529 1008 577 remissione
1022 535 1357 594 peccatorum.
1406 530 1477 577 Ea
1489 545 1619 588 vero,
1634 545 1828 593 unaque

453 603 680 651 introitus
697 604 748 651 in
762 619 966 667 regnum
989 605 1112 663 coeli,
1120 604 1254 666 fidei
1276 604 1527 667 praemium
1544 612 1632 652 est.
1680 604 1829 652 Aliud

454 679 518 726 ad
553 679 756 727 salutem
791 680 1054 742 requiritur
1086 679 1222 726 nihil.
1292 679 1406 727 Non
1436 680 1564 727 enim
1586 679 1829 727 clauditur

453 769 658 816 regnum
673 755 778 813 Dei,
797 755 889 802 nisi
905 754 1235 818 peccantibus,
1255 754 1306 801 id
1329 755 1492 813 estiis,
1513 755 1595 818 qui
1613 755 1828 803 debitam

453 828 639 892 legibus
679 829 772 877 Dei
799 829 1120 876 obedientiam
1150 845 1251 876 non
1273 829 1635 892 praestiterunt:
1670 846 1828 893 neque

452 904 560 962 illis,
593 905 633 951 si
663 905 864 952 credant
901 905 1143 952 articulos
1178 905 1485 952 necessarios
1520 905 1634 952 fidei
1670 904 1830 953 Chris-

453 978 614 1026 tianae.
695 980 724 1027 J
727 995 805 1026 am
847 980 888 1026 si
925 979 1308 1042 cognoverimus,
1345 981 1397 1026 in
1431 980 1602 1042 quibus
1642 986 1831 1028 constat

455 1053 748 1113 obedientia,
796 1063 846 1101 et
887 1054 969 1116 qui
1017 1054 1113 1101 sint
1158 1054 1363 1102 articuli
1400 1055 1670 1102 necessarii
1714 1054 1829 1102 fidei

458 1130 764 1189 Christianae,
800 1129 1110 1177 manifestum
1155 1146 1254 1176 una
1289 1130 1395 1188 erit,
1437 1146 1543 1193 quae
1579 1130 1829 1178 civitatum

455 1205 822 1267 principumque
851 1206 990 1267 jussu
1015 1205 1190 1262 facere,
1215 1211 1265 1252 et
1288 1206 1459 1267 quibus
1482 1205 1722 1253 abstinere
1746 1205 1830 1253 de-

454 1279 667 1327 beamus.

523 1361 568 1402 3.
604 1354 696 1401 Per
719 1353 1044 1400 obedientiam
1067 1361 1245 1412 autem,
1265 1353 1502 1414 hocloco,
1527 1354 1830 1418 significatur

454 1445 553 1477 non
558 1429 778 1494 sactum,
803 1428 888 1476 sed
909 1429 1134 1476 voluntas
1158 1435 1207 1476 et
1234 1430 1456 1488 studium,
1483 1446 1578 1492 quo
1601 1429 1829 1493 proponi-

455 1521 563 1552 mus
588 1504 754 1552 conari
778 1511 1014 1567 quantum
1031 1519 1286 1566 possumus
1305 1504 1501 1552 obedire
1519 1505 1570 1552 in
1593 1505 1828 1552 futurum.

459 1581 568 1629 Quo
593 1595 737 1627 sensu
768 1595 863 1626 vox
898 1578 1190 1626 obedientiae
1224 1579 1478 1641 aequivalet
1503 1579 1828 1643 poenitentioe.

459 1655 694 1703 Consistit
735 1654 863 1702 enim
891 1653 1203 1718 poenitentioe
1241 1653 1394 1700 virtus
1428 1670 1528 1701 non
1561 1654 1614 1701 in
1647 1653 1828 1713 dolore,

458 1731 540 1794 qui
573 1730 760 1794 peccati
794 1729 1181 1777 recordationem
1200 1729 1491 1788 comitatur,
1515 1728 1601 1777 sed
1629 1729 1681 1776 in
1717 1744 1831 1777 con-

456 1807 676 1854 versione
700 1806 751 1853 in
767 1805 912 1863 viam,
933 1811 983 1852 et
1001 1803 1226 1851 instituto
1242 1820 1340 1851 non
1357 1804 1592 1867 peccandi
1609 1804 1829 1867 amplius,

457 1883 559 1930 sine
584 1898 679 1945 quo
704 1881 842 1928 dolor
865 1880 945 1927 ille
977 1896 1075 1927 non
1101 1879 1398 1942 poenitentis,
1423 1879 1508 1927 sed
1531 1879 1830 1943 desperantis

457 1973 562 2005 esse
597 1958 788 2004 dicitur.
861 1955 1104 2004 Quoniam
1139 1961 1301 2002 autem
1337 1955 1419 2018 qui
1458 1955 1616 2002 Deum
1649 1961 1829 2013 amant,

455 2048 553 2080 non
586 2038 791 2095 possunt
825 2047 923 2078 non
945 2031 1067 2078 velle
1091 2030 1287 2078 obedire
1317 2030 1415 2093 legi
1447 2030 1637 2088 divinae,
1663 2037 1712 2077 et
1747 2029 1831 2092 qui

457 2115 622 2155 amant
636 2106 924 2170 proximum,
941 2122 1041 2153 non
1057 2112 1260 2168 possunt
1276 2121 1375 2152 non
1388 2104 1510 2153 velle
1526 2104 1720 2152 obedire
1733 2104 1830 2168 legi

456 2182 643 2238 morali,
668 2198 776 2245 quae
802 2180 1038 2239 consistit,
1062 2187 1118 2227 ut
1142 2196 1288 2242 supra
1318 2180 1476 2242 capite
1499 2179 1644 2227 tertio
1668 2187 1830 2227 osten-

457 2275 562 2306 sum
597 2266 685 2317 est,
709 2257 760 2304 in
795 2255 1053 2320 superbiae,
1083 2255 1481 2320 ingratitudinis,
1515 2253 1828 2313 contumelioe,

457 2331 845 2389 inhumanitatiS,
884 2331 1219 2389 inclementiae,
1261 2330 1473 2393 injuriae,
1509 2330 1829 2392 similiumque

458 2410 748 2456 offensarum
780 2406 1121 2470 prohibitione,
1146 2406 1320 2468 quibus
1342 2405 1549 2468 proximi
1571 2404 1826 2453 laeduntur.

457 2485 628 2547 Itaque
650 2484 759 2531 voci
783 2482 1074 2530 obedientiae
1105 2481 1361 2545 aequivalet
1384 2481 1528 2528 etiam
1557 2495 1692 2527 amor
1728 2478 1828 2526 sive

458 2559 683 2606 charitas
701 2577 720 2613 ;
756 2558 902 2605 etiam
929 2556 1154 2619 justitia,
1197 2572 1304 2619 quae
1347 2561 1572 2603 constans
1606 2553 1828 2600 voluntas

459 2642 532 2682 est
560 2650 699 2682 suum
731 2633 907 2695 cuique
930 2632 1191 2690 tribuendi,
1217 2631 1471 2694 aequivalet
1493 2629 1661 2677 eidem.
1717 2628 1828 2675 Jam

459 2711 675 2757 sufficere
699 2709 762 2756 ad
785 2708 989 2755 salutem
997 2707 1156 2770 fidem
1180 2714 1229 2754 et
1241 2704 1581 2770 poenitentiam
1602 2703 1828 2750 manifes-

460 2792 564 2831 tum
588 2791 690 2839 est3
725 2783 935 2846 primum
959 2798 1019 2830 ex
1051 2782 1155 2845 ipso
1189 2781 1369 2829 foedere
1391 2778 1632 2843 baptismi.
1700 2778 1828 2825 Nam

461 2859 871 2921 interrogantibus
895 2858 1090 2906 Petrum
1126 2857 1199 2916 iis,
1225 2857 1306 2919 qui
1338 2856 1396 2904 ab
1420 2855 1523 2918 ipso
1549 2853 1626 2902 die
1652 2852 1828 2901 Pente-
