2020 3262
450 213 542 255 344
741 227 747 233 ·
1013 226 1258 260 REmGlo.

188 353 318 386 snc‘r.
338 353 407 387 111.
447 333 687 396 provenit,
719 342 1046 399 praeterquam
1079 336 1210 400 quod
1247 336 1311 384 ad
1338 335 1590 383 modulum
1622 353 1826 401 concep-

275 405 324 435 15.

202 450 393 473 b-v—-a

448 408 637 456 tionum
661 417 937 459 nostrarum
961 412 1161 459 nomina
1184 411 1361 459 divinae
1379 411 1624 473 majestati
1647 418 1831 461 temere

166 497 314 530 Quaenam
331 498 393 526 sint
446 483 766 547 imponamus.
827 487 1058 549 Sequitur
1082 502 1289 549 quoque,
1311 485 1442 550 quod
1465 486 1641 534 attinet
1664 487 1728 534 ad
1746 488 1829 550 jus

166 541 294 569 actiones
311 541 419 578 quibus

166 583 265 612 ..utus
278 584 432 612 exhibetur
447 559 586 622 regni
622 560 728 619 Dei,
769 560 1177 609 inconsideratam
1218 568 1267 609 et
1312 561 1622 609 temerariam
1659 562 1834 626 loquu-

165 626 345 656 naturaliter.

446 635 632 683 tionem
666 652 770 684 esse
805 653 974 684 eorum
1010 637 1093 700 qui
1128 637 1312 695 dicunt,
1348 637 1440 683 hoe
1473 637 1550 684 vel
1585 635 1717 684 illud
1736 653 1831 684 non

447 711 721 759 consistere
745 728 850 759 eum
862 712 1074 774 justitia
1105 712 1292 760 divina.
1361 711 1492 760 Nam
1526 718 1576 760 et
1609 711 1832 760 homines

447 786 753 834 contumeliae
778 786 980 846 ducunt,
1004 787 1044 834 si
1066 787 1154 834 filii
1177 787 1251 834 sui
1269 787 1349 850 jus
1373 803 1541 835 eorum
1566 786 1831 850 disputent,

446 868 532 909 aut
550 861 793 924 justitiam
816 862 957 910 aliter
982 878 1128 925 quam
1158 862 1407 924 imperatis
1431 862 1529 909 suis
1552 862 1830 910 metiantur.

515 936 683 994 Sexto,
708 937 761 983 in
779 936 1048 1000 precihus,
1064 938 1356 1000 gratiarum
1380 936 1653 996 aeionibus,
1673 936 1832 984 sacri-

430 1010 675 1074 ficiisque
700 1010 949 1075 quidquid
968 1011 1245 1069 exhibetur,
1271 1017 1507 1075 oportere
1530 1028 1638 1059 esse
1663 1011 1714 1059 in
1743 1028 1831 1059 suo

442 1102 632 1149 genere
658 1086 905 1149 optimum,
931 1093 980 1133 et
1004 1086 1207 1133 lionoris
1229 1086 1618 1149 significativum
1634 1105 1653 1142 ;
1687 1087 1831 1134 nimi-

447 1176 572 1219 rum,
611 1161 885 1207 orationem
909 1154 1012 1209 esse
1036 1178 1135 1209 non
1170 1162 1394 1220 subitam,
1430 1170 1516 1210 aut
1550 1163 1722 1221 levem,
1746 1170 1832 1211 aut

446 1235 701 1298 plebeiam,
723 1235 808 1282 sed
825 1236 1079 1298 pulchram
1098 1244 1148 1283 et
1164 1237 1290 1284 bene
1310 1238 1645 1299 compositam.
1702 1239 1830 1286 Nam

447 1310 538 1357 etsi
571 1310 837 1357 absurdum
872 1319 991 1370 erat,
1017 1312 1149 1374 quod
1182 1312 1365 1359 ethnici
1399 1313 1558 1360 Deum
1589 1314 1679 1361 sub
1709 1314 1831 1362 ima-

446 1386 560 1448 gine
595 1386 828 1444 colerent,
857 1401 957 1433 non
992 1394 1157 1434 tamen
1186 1403 1215 1434 a
1242 1388 1429 1435 ratione
1465 1388 1677 1436 alienum
1708 1396 1829 1447 erat,

448 1459 581 1522 quod
626 1461 919 1509 carminibus
966 1471 1014 1509 et
1060 1462 1246 1509 musica
1285 1462 1337 1509 in
1376 1463 1524 1510 sacris
1559 1470 1829 1511 uterentur.

448 1536 590 1594 Item,
619 1535 848 1583 victimas
862 1535 1129 1599 pulchras,
1154 1543 1204 1584 et
1227 1536 1443 1584 donaria
1473 1538 1759 1602 magnifica,
1780 1546 1830 1586 et

447 1627 554 1674 quoe
594 1617 832 1675 aguntur,
871 1610 950 1658 vel
994 1611 1339 1658 submissionis
1379 1611 1459 1658 vel
1492 1612 1832 1675 gratitudinis

446 1685 807 1749 significativa,
832 1685 912 1732 vel
944 1685 1287 1747 beneficiorum
1320 1693 1637 1750 acceptorum
1660 1704 1830 1736 memo-

446 1761 616 1808 rativa
634 1777 777 1816 esse‚·
812 1761 1185 1824 proficiscuntur
1209 1761 1339 1809 enim
1361 1761 1468 1810 haec
1491 1762 1655 1811 omnia
1676 1779 1706 1811 a
1728 1770 1831 1811 stu-

448 1836 529 1884 dio
551 1836 842 1884 honorandi.

515 1911 750 1974 Septimo,
773 1910 934 1959 Deum
958 1928 1053 1959 non
1072 1910 1228 1959 solum
1248 1918 1458 1970 secreto,
1477 1912 1571 1960 sed
1584 1912 1760 1977 palam
1782 1918 1833 1960 et

440 1986 648 2052 publice
673 1987 724 2034 in
749 1993 1017 2051 conspectu
1041 1986 1282 2034 hominum
1300 1986 1399 2035 coli
1423 1994 1671 2051 oportere.
1718 1988 1833 2035 Ete-

446 2062 549 2109 nim
573 2062 733 2110 cultus
754 2077 811 2109 eo
835 2062 1045 2109 maxime
1066 2062 1242 2125 placet,
1266 2069 1323 2110 ut
1354 2063 1539 2110 dictum
1568 2068 1642 2110 est
1670 2078 1832 2125 supra,

447 2137 652 2185 articulo
696 2137 884 2184 decimo
926 2137 1087 2195 tertio,
1130 2136 1262 2199 quod
1297 2137 1469 2201 gignat
1503 2137 1741 2185 honorem
1779 2137 1831 2184 in

447 2212 568 2260 aliis.
638 2212 748 2259 Nisi
781 2228 898 2275 ergo
927 2212 1008 2259 alii
1031 2211 1244 2271 videant,
1270 2212 1402 2275 quod
1424 2212 1476 2259 in
1500 2212 1634 2260 cultu
1656 2212 1831 2275 gratis-

447 2288 622 2335 simum
646 2295 735 2346 est,
759 2288 901 2350 perit.
972 2287 1238 2346 Postremo,
1263 2303 1446 2334 summo
1462 2292 1640 2334 conatu
1663 2285 1831 2334 obser-

446 2363 640 2411 vandas
685 2380 794 2410 esse
840 2362 982 2426 leges
1028 2362 1304 2409 naturales.
1387 2362 1583 2409 Etenim
1634 2361 1831 2409 Domini

445 2438 703 2502 imperium
725 2438 862 2501 parvi
895 2437 1123 2500 pendere,
1151 2443 1349 2500 superat
1378 2452 1544 2484 omnes
1574 2436 1690 2484 alias
1714 2452 1829 2483 con-

445 2514 699 2568 tumelias;
741 2513 867 2560 sicut
902 2518 951 2559 et
982 2528 1009 2559 e
1041 2512 1305 2571 contrario,
1332 2511 1555 2560 omnibus
1584 2511 1830 2559 sacrificiis

446 2588 693 2650 acceptior
716 2595 790 2634 est
813 2586 1103 2634 obedientia.

514 2664 676 2726 Atque
712 2663 790 2710 hae
827 2669 940 2709 sunt
968 2662 1133 2724 legum
1161 2661 1456 2708 naturalium
1486 2659 1617 2706 circa
1644 2660 1830 2708 cultum

447 2737 540 2785 Dei
579 2738 856 2801 praecipuae,
894 2752 1076 2795 earum,
1111 2736 1326 2798 inquam,
1362 2750 1481 2798 quas
1514 2734 1667 2781 dictat
1702 2736 1829 2784 ratio

446 2813 722 2861 hominibus
747 2812 962 2875 singulis.
1033 2812 1167 2860 Totis
1202 2817 1365 2859 autem
1397 2809 1686 2867 civitatibus,
1711 2828 1829 2875 qua-
