2020 3262
186 346 313 378 SECT.
334 348 386 380 11.

260 399 306 429 14.

172 1775 291 1802 Justitia
304 1784 321 1802 a

172 1818 235 1845 Deo
248 1818 336 1845 cordi-

171 1861 226 1888 bus
239 1861 390 1898 insculpta.

432 205 524 247 ,120
935 218 1005 250 DE
1033 218 1273 251 HOMINE.

428 333 684 388 propterea
707 342 804 374 non
829 327 1120 391 disputanda
1144 337 1231 386 est,
1268 327 1352 376 sed
1371 329 1629 391 implenda.
1699 331 1798 379 Ne-

429 416 523 463 que
565 401 694 448 enim
733 418 796 449 an
832 402 1097 450 honorifice
1134 404 1194 451 de
1230 404 1334 452 Deo
1372 404 1676 452 sentiendum
1715 406 1796 465 sit,

427 492 584 539 neque
603 493 665 524 an
693 477 756 524 sit
770 478 1019 535 amandus,
1035 479 1294 537 timendus,
1321 479 1566 539 colendus,
1588 480 1798 529 dubitari

427 558 599 615 potest.
689 552 814 599 Sunt
859 553 988 599 enim
1033 551 1139 600 haec
1176 554 1466 616 religionum
1505 571 1592 617 per
1632 571 1797 603 omnes

425 633 596 689 gentes
642 627 930 674 communia.
1022 628 1342 690 Disputantur
1378 645 1436 676 ea
1473 629 1588 687 sola,
1626 630 1798 692 quibus

424 717 550 749 unus
573 702 718 749 homo
742 703 802 749 ab
827 702 920 749 alio
946 703 1197 758 dissentit3
1224 720 1331 766 quae
1349 713 1606 767 propterea
1624 705 1684 753 de
1701 705 1797 753 fide

425 777 476 824 in
499 777 655 824 Deum
678 793 777 825 non
801 786 928 825 sunt.
999 779 1056 824 In
1079 778 1154 825 his
1178 786 1340 825 autem
1376 778 1796 842 disputationibus,

427 851 542 899 dum
582 852 832 900 scientiam
867 853 1126 916 quaerimus
1164 870 1329 901 earum
1366 869 1528 902 rerum
1564 871 1672 918 (11138
1708 856 1796 904 sub

424 927 674 975 scientiam
697 944 795 975 non
819 928 1014 986 cadunt,
1049 929 1195 976 fidem
1219 929 1269 976 in
1297 930 1468 987 Deum,
1494 931 1796 993 quantumin

425 1003 563 1050 nobis
583 1011 671 1061 est,
691 1003 995 1051 destruimus.
1068 1004 1230 1051 Posita
1247 1005 1375 1051 enim
1394 1005 1596 1053 scientia
1611 1006 1797 1054 tollitur

423 1077 558 1136 fides,
595 1078 720 1125 sicut
754 1079 911 1141 posita
950 1079 1180 1126 fruitione
1220 1080 1407 1127 tollitur
1443 1096 1565 1143 spes.
1640 1082 1797 1130 Docet

422 1160 585 1200 autem
608 1154 869 1216 apostolus,
889 1171 947 1201 ex
967 1155 1120 1202 tribus
1139 1155 1400 1203 virtutibus
1407 1156 1536 1216 fide,
1557 1173 1661 1220 spe,
1679 1157 1796 1204 clm-

422 1227 592 1286 rz'tate,
627 1228 911 1276 adveniente
947 1244 1098 1291 regno
1134 1229 1240 1285 Dei,
1258 1230 1418 1291 fidem
1453 1239 1501 1278 et
1525 1248 1671 1294 spem
1694 1248 1796 1279 am-

420 1302 546 1364 plius
569 1319 668 1350 non
692 1304 911 1362 existere,
948 1304 1033 1351 sed
1067 1305 1217 1352 solam
1251 1321 1445 1353 manere
1482 1306 1793 1355 charitatem.

423 1377 727 1430 Quaestiones
751 1394 866 1441 ergo
893 1378 952 1425 de
975 1386 1148 1426 natura
1183 1380 1273 1427 Dei
1307 1388 1495 1428 naturae
1530 1381 1795 1430 conditoris

419 1452 561 1499 nimis
603 1453 804 1500 curiosae
841 1462 970 1509 sunt,
1009 1470 1098 1501 nec
1136 1455 1360 1518 operibus
1392 1456 1586 1519 pietatis
1623 1473 1794 1505 accen-

420 1527 611 1582 sendae3
659 1535 708 1575 et
747 1529 828 1590 qui
867 1528 1115 1591 disputant
1155 1529 1214 1576 de
1254 1530 1374 1587 Deo,
1411 1547 1510 1578 non
1551 1539 1653 1578 tam
1688 1532 1793 1580 Deo

419 1602 580 1660 fidem,
617 1604 695 1650 cui
724 1604 826 1665 jam
850 1620 1016 1650 omnes
1041 1604 1260 1663 credunt,
1288 1621 1431 1667 quam
1462 1607 1654 1655 sibimet
1679 1607 1794 1670 ipsis

419 1678 676 1725 conciliare
700 1678 916 1740 cupiunt.

487 1760 531 1800 5.
570 1753 812 1806 Quoniam
847 1761 1009 1801 autem
1037 1771 1198 1803 amare
1228 1756 1383 1803 Deum
1412 1756 1543 1804 idem
1566 1764 1639 1804 est
1662 1757 1794 1819 quod

417 1829 659 1876 mandatis
684 1830 786 1892 ejus
810 1830 1020 1888 obedire,
1057 1839 1106 1878 et
1132 1831 1302 1879 timere
1327 1832 1485 1879 Deum
1508 1832 1638 1880 idem
1661 1833 1794 1895 quod

416 1905 588 1952 timere
611 1921 672 1952 ne
697 1905 954 1968 quicquam
979 1913 1149 1953 contra
1171 1907 1402 1954 mandata
1420 1908 1522 1970 ejus
1539 1907 1790 1967 faciamus,

418 1980 568 2042 quaeri
601 1980 778 2027 iterum
804 1988 963 2043 potest
981 1982 1111 2029 unde
1135 1983 1247 2030 sciri
1270 1990 1446 2045 potest,
1483 1999 1590 2046 (11138
1614 1983 1709 2031 sint
1733 1999 1791 2031 ea

417 2071 524 2117 (11138
562 2055 692 2102 Ι)8115
728 2056 998 2118 imperavit.
1087 2058 1176 2104 Cui
1214 2058 1468 2120 quaestioni
1508 2057 1791 2121 responderi

415 2137 590 2193 potest,
616 2131 772 2178 Deum
797 2147 853 2178 eo
878 2132 1000 2194 ipso,
1037 2132 1167 2194 quod
1201 2132 1420 2180 homines
1448 2132 1617 2181 fecerit
1643 2133 1790 2181 ratio-

415 2206 563 2263 nales,
587 2205 680 2253 hoc
703 2206 796 2253 illis
813 2207 1103 2270 praecipisse,
1121 2215 1169 2255 et
1188 2207 1413 2256 cordibus
1432 2209 1646 2256 omnium
1662 2209 1790 2257 hanc

414 2281 573 2343 legem
607 2281 930 2343 insculpsisse,
967 2298 1029 2330 ne
1065 2283 1318 2345 quisquam
1354 2283 1577 2346 cuiquam
1607 2283 1789 2331 faceret

417 2357 546 2419 quod
569 2357 715 2404 alium
751 2357 840 2404 sibi
873 2357 1034 2406 facere
1069 2358 1289 2420 iniquum
1328 2359 1540 2407 duceret.
1611 2359 1667 2406 In
1692 2375 1787 2421 quo

414 2439 658 2495 praecepto
680 2432 908 2480 universa
926 2434 1115 2495 justitia
1138 2442 1188 2481 et
1211 2434 1486 2481 obedientia
1503 2434 1653 2482 civilis
1672 2450 1788 2482 con-

416 2506 611 2554 tinetur.
700 2507 820 2561 Quis
858 2508 986 2555 enim
1024 2516 1099 2556 est
1139 2509 1236 2572 qui,
1273 2509 1311 2556 si
1350 2509 1400 2556 in
1441 2509 1634 2556 civitate
1675 2525 1786 2557 cum

414 2597 600 2630 summo
624 2583 826 2646 imperio
851 2584 1144 2631 constitutus
1168 2590 1293 2631 esset
1317 2599 1346 2630 a
1368 2583 1562 2646 popuIO,
1585 2584 1786 2647 regendi

414 2657 486 2703 sui
510 2665 559 2704 et
581 2657 743 2720 legum
768 2658 1127 2706 condendarum
1149 2675 1308 2715 causa,
1329 2674 1428 2706 non
1445 2658 1662 2721 iniquum
1682 2675 1785 2706 esse

411 2731 541 2793 leges
574 2748 682 2780 suas
711 2750 741 2780 a
772 2734 985 2795 quolibet
1013 2734 1206 2781 subdito
1242 2733 1418 2796 sperni,
1457 2732 1532 2780 vel
1568 2734 1784 2781 authori-

412 2813 561 2853 tatem
604 2824 738 2855 suam
771 2808 965 2870 negligi,
1002 2809 1179 2856 nedum
1220 2808 1469 2871 disputari,
1503 2809 1782 2871 judicaret?
