2020 3262
242 394 371 427 SECT.
391 395 460 427 111.

339 445 369 477 6.

245 539 365 567 Nemini
377 540 486 577 propri-

246 591 298 609 um
322 591 385 611 esse
408 584 487 620 quic-

246 634 335 663 quam
372 630 474 654 contra

244 668 338 703 illum,
358 669 409 707 qui
425 669 475 698 ha-

246 711 297 739 bet
327 721 474 741 summum

246 755 408 793 imperium.

503 254 600 298 228
1037 266 1340 300 IMPERIUM.

502 374 677 437 cuique
685 376 970 439 proprium,
980 375 1111 439 quod
1125 376 1216 424 sibi
1231 376 1442 424 retinere
1459 383 1624 440 potest
1638 393 1725 440 per
1739 378 1886 443 leges,

502 456 552 498 et
573 450 843 514 potentiam
866 451 1018 498 totius
1051 451 1276 507 civitatis,
1299 451 1394 498 hoc
1423 458 1513 510 est,
1537 468 1626 514 per
1657 468 1783 513 eum,
1809 455 1888 502 cui

502 542 731 573 summum
764 527 867 588 ejus
907 527 1167 590 imperium
1196 527 1413 574 delatum
1438 534 1527 574 est.
1595 528 1670 575 Ex
1695 529 1888 591 quoin-

502 600 754 664 telligitur,
776 602 992 664 singulos
1009 602 1136 649 cives
1155 618 1291 649 Suum
1308 602 1399 649 sibi
1408 603 1676 666 proprium
1691 604 1887 664 habere,

503 676 554 723 in
578 676 710 739 quod
749 693 894 724 nemo
933 678 1207 725 concivium
1245 684 1444 725 suorum
1473 679 1553 741 jus
1587 679 1752 738 habet,
1777 680 1892 743 quia

504 751 676 799 iisdem
698 752 887 815 legibus
912 759 1147 800 tenentur
1169 773 1180 808 ;
1216 769 1316 800 non
1352 760 1516 801 autem
1546 754 1802 818 proprium
1823 755 1892 803 ita

503 827 684 875 habere
709 828 984 892 quicquam,
1007 828 1059 875 in
1082 828 1211 891 quod
1234 845 1334 876 non
1370 829 1548 877 habeat
1582 831 1663 892 jus
1687 830 1784 888 ille,
1809 830 1893 893 qui

503 903 653 950 habet
677 903 935 966 imperium
959 919 1204 961 summum,
1226 904 1362 966 cujus
1385 904 1618 952 mandata
1635 912 1751 953 sunt
1772 905 1892 968 ipsae

505 979 654 1042 leges,
681 979 821 1041 cujus
859 978 1115 1026 voluntate
1137 978 1362 1026 voluntas
1401 979 1705 1042 singulorum
1737 980 1892 1028 conti-

507 1061 670 1112 netur,
691 1059 741 1101 et
772 1053 856 1116 qui
897 1069 927 1101 a
962 1053 1165 1116 singulis
1190 1053 1507 1101 constituitur
1538 1054 1691 1117 judex
1725 1071 1893 1118 supre-

507 1143 630 1175 mus.
702 1128 1012 1191 Quamquam
1052 1134 1217 1175 autem
1248 1129 1404 1176 multa
1438 1129 1549 1187 sint,
1582 1146 1691 1192 quae
1723 1130 1893 1178 civitas

509 1203 697 1251 civibus
719 1203 977 1266 permittit,
1001 1204 1209 1267 ideoque
1233 1204 1493 1267 aliquando
1519 1212 1690 1253 contra
1711 1205 1894 1253 haben-

508 1286 609 1325 tem
655 1295 881 1325 summum
940 1280 1199 1344 imperium
1242 1280 1350 1343 lege
1397 1280 1477 1342 agi
1521 1281 1676 1343 possit
1698 1299 1708 1327 ε
1766 1281 1896 1328 actio

508 1360 673 1400 tamen
690 1369 747 1400 ea
761 1369 858 1402 non
879 1361 953 1401 est
955 1354 1096 1416 juris
1112 1353 1292 1412 civilis,
1314 1355 1400 1402 sed
1415 1355 1668 1418 oequz'tatis
1687 1361 1895 1403 natura-

509 1427 609 1482 lim
644 1443 803 1490 neque
825 1429 987 1491 agitur
1019 1428 1079 1475 de
1105 1444 1161 1475 60
1178 1429 1201 1450 “
1228 1429 1359 1491 quod
1387 1431 1497 1492 jure
1523 1430 1695 1494 possit
1729 1431 1785 1489 is,
1812 1431 1896 1493 qui

509 1519 738 1549 summum
781 1503 1039 1566 imperium
1067 1504 1231 1562 habet,
1262 1505 1346 1552 sed
1371 1505 1430 1552 de
1455 1521 1511 1553 eo
1538 1505 1671 1567 quod
1705 1505 1860 1553 voluit
1876 1524 1895 1560 ,-

508 1577 718 1640 ideoque
752 1577 853 1640 ipse
878 1579 969 1625 erit
1004 1578 1172 1641 judex,
1198 1586 1432 1642 tanquam
1457 1581 1496 1628 si
1520 1581 1716 1644 cognita
1746 1582 1896 1644 aequi-

511 1658 614 1700 tate
637 1669 738 1700 non
760 1661 923 1716 posset
947 1653 1112 1716 inique
1131 1654 1366 1716 judicare.

511 1786 601 1823 liam
620 1786 812 1823 civitatem
830 1799 987 1836 parvam
1006 1799 1087 1824 esse
1106 1787 1287 1833 dixeram,
1303 1787 1443 1826 frustra
1461 1788 1655 1839 objectum
1674 1794 1743 1827 est.
1797 1788 1898 1834 Nam

510 1846 740 1884 filiifamilias
777 1848 1051 1897 proprietatem
1102 1861 1231 1885 rerum
1275 1862 1430 1886 suarum
1465 1862 1488 1886 a
1525 1854 1632 1899 patre
1680 1861 1897 1887 concessam

512 1908 665 1953 habent,
685 1908 902 1945 distinctam
927 1909 1083 1958 quidem
1114 1921 1137 1946 a
1165 1910 1311 1947 caeteris
1337 1910 1424 1947 filiis
1451 1910 1620 1960 ejusdem
1647 1909 1813 1956 familiae,
1831 1912 1898 1948 sed

512 1981 589 2005 11011
608 1981 631 2006 a
648 1969 880 2018 proprietate
908 1970 1025 2018 ipsius
1053 1970 1183 2019 patris.
1237 1969 1371 2008 Patres
1389 1983 1480 2008 vero
1500 1971 1736 2008 diversarum
1762 1971 1898 2009 famili·

513 2042 632 2074 arum,
653 2030 720 2079 qui
738 2042 809 2067 nec
827 2031 925 2079 patri
945 2042 1016 2068 nec
1043 2030 1198 2073 domino
1216 2032 1409 2069 communi
1428 2031 1693 2081 subjiciuntur,
1701 2031 1768 2082 jus
1795 2044 1899 2070 com-

515 2103 630 2128 mune
649 2091 688 2127 in
704 2091 832 2128 omnia
845 2091 1000 2128 habent.

565 2153 587 2174 *⁵
601 2153 733 2202 Neque
747 2152 877 2202 aqitur
895 2152 940 2189 de
959 2165 998 2190 eo
1016 2153 1115 2205 quod
1128 2156 1219 2204 jure
1235 2154 1366 2205 possit,
1386 2154 1474 2203 lgm]
1509 2153 1667 2196 Quoties
1685 2153 1785 2191 actio
1803 2153 1899 2203 legis

515 2214 589 2251 civi
605 2219 738 2251 contra
756 2226 946 2251 summum
972 2215 1233 2264 imperantem,
1253 2215 1292 2251 id
1310 2220 1377 2260 est,
1398 2220 1531 2252 contra
1549 2215 1741 2251 civitatem
1762 2227 1898 2252 conce-

514 2274 637 2318 ditur;
664 2286 709 2311 ea
740 2275 889 2312 actione
917 2287 992 2312 non
1021 2277 1216 2325 quaeritur,
1237 2288 1284 2312 an
1311 2275 1443 2312 civitas
1472 2287 1563 2320 rem,
1589 2275 1636 2312 de
1654 2287 1731 2324 qua
1759 2275 1898 2324 agitur,

514 2335 705 2384 possidere
718 2335 806 2385 jure
833 2337 964 2384 possit,
991 2337 1057 2374 sed
1075 2350 1123 2374 an
1142 2338 1291 2387 legibus
1309 2342 1397 2374 ante
1415 2337 1499 2374 latis
1514 2349 1597 2374 eam
1614 2335 1807 2385 possidere
1826 2349 1894 2374 vo-

513 2397 638 2434 luerit.
694 2396 763 2434 Est
781 2397 881 2433 enim
900 2397 962 2434 lex
977 2399 1115 2435 summi
1129 2398 1350 2447 imperantis
1363 2397 1536 2434 voluntas
1551 2397 1752 2434 declarata.
1798 2397 1899 2436 Cum
1953 2402 1955 2405 “

513 2459 643 2508 itaque
671 2458 872 2507 pecuniam
892 2458 1042 2495 duobus
1070 2459 1288 2496 nominibus
1307 2458 1440 2495 civitas
1467 2470 1490 2494 a
1517 2458 1599 2495 cive
1620 2462 1750 2507 petere
1768 2458 1897 2506 possit,

515 2519 693 2556 nimirum
714 2524 757 2556 ut
774 2519 972 2564 tributum,
992 2520 1052 2556 vel
1071 2526 1115 2556 ut
1143 2520 1328 2562 debitum,
1356 2519 1395 2555 in
1423 2519 1549 2567 priore
1567 2530 1658 2556 casu
1686 2519 1786 2556 actio
1804 2519 1899 2568 legis

515 2591 593 2616 non
613 2579 857 2623 conceditur;
885 2592 972 2616 nam
993 2581 1113 2629 quaeri
1143 2593 1219 2618 non
1250 2585 1386 2630 potest,
1419 2591 1467 2616 an
1501 2579 1632 2616 civitas
1659 2579 1793 2616 tributi
1820 2580 1898 2616 exi-

516 2639 633 2689 gendi
655 2640 719 2690 jus
746 2640 907 2677 habeat:
935 2641 974 2677 in
1007 2641 1175 2678 secundo
1200 2640 1433 2683 conceditur,
1451 2644 1652 2688 propterea
1676 2639 1780 2689 quod
1805 2640 1899 2677 nihil

514 2701 597 2738 vult
615 2701 764 2738 auferre
784 2701 915 2738 civitas
933 2713 956 2738 a
979 2702 1062 2739 cive
1080 2714 1148 2751 per
1162 2701 1428 2745 calliditatem3
1456 2704 1494 2737 et
1510 2709 1648 2745 tamen,
1668 2700 1700 2737 si
1718 2713 1813 2750 opus
1831 2706 1899 2746 est,

517 2763 645 2799 omnia
676 2767 818 2811 aperte.
871 2761 1009 2811 Itaque
1033 2762 1137 2812 quod
1173 2761 1416 2811 reprehendit
1441 2760 1598 2810 quidam
1627 2761 1730 2799 huno
1760 2761 1898 2807 locum,

517 2823 646 2860 dicens
664 2821 786 2867 facile,
806 2835 854 2860 ex
872 2823 944 2860 hac
963 2822 1137 2862 doctrina
1155 2835 1235 2861 esse
1252 2821 1488 2872 principibus
1507 2833 1582 2859 aere
1600 2821 1724 2860 alieno
1741 2834 1782 2860 se
1807 2822 1899 2860 libe-

517 2895 614 2927 rare,
633 2884 761 2932 inepte
784 2883 1037 2932 reprehendit.
