1994 3276
203 401 331 434 SECT.
352 402 420 435 111.

289 454 338 483 18.

462 259 562 302 428
1033 271 1279 305 RELIGIO.

464 378 524 425 de
541 379 647 427 Deo
672 386 722 427 et
759 379 819 428 de
843 381 1010 428 Veteri
1032 382 1347 430 Testamento
1371 381 1423 427 in
1445 380 1542 428 fide
1564 381 1656 428 hac
1677 381 1846 431 Testa-

461 454 615 501 menti
639 454 782 503 Novi.
853 456 974 504 Cum
998 472 1114 519 ergo
1138 457 1189 504 in
1212 473 1365 519 regno
1385 456 1478 504 Dei
1499 471 1588 519 per
1618 463 1847 513 naturam

462 529 646 577 crimen
668 531 798 579 laesae
820 532 1092 594 majestatis
1124 532 1302 579 divinae
1336 531 1467 579 solus
1497 538 1624 579 esset
1653 531 1848 580 Atheis-

461 619 569 652 mus
588 612 637 653 et
658 607 855 670 negatio
873 607 1196 670 providentiae
1212 606 1389 654 divinae
1410 627 1421 661 ;
1446 606 1497 653 in
1514 622 1667 669 regno
1681 613 1847 655 autem

459 695 549 742 per
569 688 768 744 pactum
794 689 950 740 vetus,
974 682 1121 729 etiam
1155 682 1459 736 idololatria3
1491 683 1594 744 jam
1616 682 1669 729 in
1691 697 1845 745 regno

460 771 549 817 per
580 763 779 818 pactum
812 773 993 804 novum
1029 757 1226 804 additur
1261 757 1408 804 etiam
1432 757 1710 821 apostasia,
1744 757 1846 806 sive

459 832 763 880 renunciatio
777 833 921 895 hujus
941 833 1088 879 semel
1111 832 1297 895 recepti
1321 832 1530 890 articuli,
1549 831 1718 880 Jesum
1737 848 1846 880 esse

465 907 731 955 Christum.
803 908 1007 956 Caeteris
1033 908 1283 966 doctrinis,
1309 908 1349 955 si
1382 907 1530 955 modo
1562 923 1592 955 a
1627 907 1847 971 legitima

459 982 665 1030 ecclesia
689 983 903 1031 definitae
926 984 1124 1042 fuerint,
1149 1000 1249 1031 non
1273 991 1347 1031 est
1371 999 1486 1030 sane
1511 982 1846 1031 contradicen-

460 1057 576 1104 dum
595 1076 605 1104 ε
643 1064 717 1104 est
740 1058 870 1104 enim
884 1066 1142 1121 peccatum
1165 1057 1539 1112 inobedientiae;
1566 1057 1846 1106 obedientia

459 1139 623 1180 autem
659 1133 722 1180 ad
760 1133 966 1181 salutem
1002 1134 1277 1181 necessaria
1329 1141 1418 1180 est.
1510 1132 1756 1180 Caeterum
1787 1140 1845 1181 ut

460 1208 722 1255 credantur
746 1208 860 1270 fide
894 1208 1106 1268 interna,
1145 1216 1396 1256 ostensum
1433 1215 1506 1255 est
1538 1207 1762 1270 ampliter
1791 1208 1869 1260 in,

456 1283 678 1346 proxime
702 1283 1102 1332 antecedentibus
1126 1285 1457 1332 necessarium
1476 1300 1578 1331 non
1602 1299 1722 1331 esse.

177 1368 263 1396 Fides
272 1370 300 1395 et
313 1368 444 1396 obedien-
531 1364 604 1406 12.
641 1358 808 1405 Partes
836 1358 888 1405 in
922 1359 1078 1406 salute
1112 1359 1375 1407 Christiani
1396 1359 1694 1422 perficienda
1700 1358 1844 1420 fides

177 1412 219 1439 tia
238 1412 383 1448 quomodo

176 1458 352 1482 concurrant
365 1455 402 1483 ad

177 1497 309 1525 salutem.

459 1439 509 1480 et
543 1433 826 1480 obedientia
863 1433 1076 1482 diversas
1109 1435 1323 1482 habent:
1364 1435 1470 1482 haec
1506 1434 1636 1482 enim
1661 1440 1843 1498 poten-

459 1510 579 1556 tiam
604 1509 704 1556 sive
728 1509 1065 1572 capacitatem
1090 1510 1386 1565 contribuit;
1421 1510 1505 1557 illa
1528 1516 1705 1557 aetum.
1752 1509 1842 1557 At-

458 1600 552 1647 que
576 1591 785 1647 utraque
809 1600 895 1632 suo
919 1585 1064 1633 modo
1083 1585 1351 1648 justificare
1371 1584 1563 1632 dicitur.
1622 1584 1843 1632 Christus

458 1660 587 1707 enim
611 1676 711 1707 non
730 1660 970 1719 omnibus,
987 1660 1072 1707 sed
1089 1659 1467 1724 poenitentibus,
1491 1659 1590 1706 sive
1614 1658 1843 1707 obedieu-

457 1734 604 1794 tibus,
645 1735 740 1782 hoc
787 1742 876 1794 est,
918 1735 1062 1798 justis
1104 1736 1224 1797 (non
1270 1735 1379 1782 dico
1425 1734 1716 1794 insontibus,
1757 1734 1844 1782 sed

439 1811 604 1873 justis
620 1829 638 1865 ;
661 1811 874 1874 justitia
899 1811 1029 1858 enim
1064 1818 1137 1859 est
1170 1802 1409 1859 voluntas*
1430 1809 1690 1858 obediendi
1722 1810 1843 1874 legi-

454 1887 561 1944 bus,
586 1893 635 1933 et
669 1886 928 1933 convenire
962 1886 1015 1933 in
1048 1892 1356 1948 peccatorem
1388 1892 1580 1948 potest3
1616 1886 1842 1934 voluntas

456 1968 620 2008 autem
666 1961 926 2008 obediendi
966 1961 1244 2009 obedientia
1283 1967 1356 2008 est
1395 1960 1525 2023 apud
1567 1959 1837 2023 Christum)

454 2044 659 2100 peccata
691 2037 913 2084 remittit.
985 2037 1099 2084 Non
1134 2037 1264 2084 enim
1302 2036 1521 2099 quilibet,
1563 2035 1647 2083 sed
1666 2036 1842 2098 justus

455 2129 518 2159 ex
542 2112 657 2173 fide
702 2112 845 2159 vivet.
916 2112 1180 2173 Justffieat
1224 2127 1341 2175 ergo
1387 2111 1685 2169 obedientia,
1727 2111 1841 2174 quia

435 2188 586 2250 facit
611 2188 818 2249 justum,
837 2203 894 2234 eo
917 2187 1080 2245 modo,
1102 2204 1198 2250 quo
1224 2186 1557 2251 temperantia
1580 2186 1838 2234 facittem-

452 2269 683 2326 peratum
700 2281 717 2316 ;
746 2263 1023 2326 prudentia
1033 2262 1334 2326 prudentem
1348 2280 1367 2316 ;
1400 2262 1615 2308 castitas
1633 2267 1836 2320 castum,

453 2338 684 2384 nimirum
726 2338 1074 2385 essentialiter:
1123 2337 1471 2399 constituitque
1507 2336 1753 2384 hominem
1785 2336 1838 2384 in

456 2429 514 2460 eo
540 2420 686 2468 statu,
705 2421 762 2460 ut
779 2413 935 2461 veniae
959 2429 1112 2477 capax
1130 2413 1207 2460 sit.
1278 2413 1479 2469 RurSUS,
1502 2411 1720 2459 Christus
1737 2427 1837 2459 non

456 2489 678 2536 omnibus
718 2489 861 2552 justis
906 2497 1110 2552 peccata
1155 2488 1431 2535 condonare
1475 2486 1712 2549 promisit,
1750 2485 1837 2533 sed

456 2565 568 2612 solis
593 2564 908 2612 credentibus
933 2565 1092 2628 ipsum
1111 2580 1219 2611 esse
1242 2563 1508 2610 Christum.
1577 2561 1837 2623 Justifieat

456 2656 572 2703 ergo
606 2639 727 2686 fides
762 2656 819 2687 eo
855 2655 1013 2697 sensu,
1039 2655 1133 2701 quo
1158 2638 1450 2701 justificare
1474 2636 1651 2684 dicitur
1667 2635 1834 2698 judex,

456 2716 540 2778 qui
574 2714 820 2762 absolvit:
855 2715 1086 2762 nimirum
1118 2729 1206 2777 per
1239 2713 1547 2770 sententiam,
1575 2727 1683 2774 quae
1717 2717 1835 2758 actu

456 2790 641 2837 salvum
674 2790 808 2837 facit.
877 2790 1041 2852 Atque
1075 2790 1126 2836 in
1160 2790 1252 2836 hac
1289 2787 1570 2849 acceptione
1597 2786 1834 2847 justifica-

448 2865 599 2917 tionis
628 2865 723 2926 (est
742 2865 870 2912 enim
889 2880 987 2912 vox
1007 2863 1275 2927 aequivoca)
1294 2862 1530 2924 justificat
1536 2860 1676 2921 fides
1695 2861 1804 2908 sola
1812 2879 1832 2916 ,-
