2020 3262
495 230 648 267 QUOD
677 230 785 263 Lux
813 230 1142 275 NATURALIS,
1171 232 1286 265 mc,
1503 224 1592 268 199

733 496 946 544 CAPUT
970 496 1068 567 iv.

322 611 476 650 QUOD
503 611 614 645 LEX
639 611 955 646 NATURALIS
983 612 1083 646 EST
1109 611 1218 645 LEX
1245 611 1463 645 DIVINA.

207 703 248 745 l.
286 697 422 747 QUAE
447 697 716 756 naturalis,
742 704 792 746 et
806 697 1029 757 moralia,
1047 697 1217 746 eadem
1241 705 1290 747 et
1309 698 1480 746 divina
1505 697 1586 745 Zea
1627 705 1756 739 SECT·
1778 708 1846 741 111.

198 762 435 836 appellari
475 773 614 822 solet.
684 773 791 822 Nec
827 773 1071 822 immerito
1094 795 1106 830 ;
1152 781 1259 822 tum
1297 773 1411 837 quia
1445 773 1586 830 ratio,
1640 759 1828 826 *Ad

197 864 310 912 quae
328 855 404 897 est
420 849 526 912 ipsa
541 848 621 896 lex
639 857 842 906 naturae,
857 850 1138 898 immediate
1157 866 1187 897 a
1203 850 1309 898 Deo
1323 849 1586 912 unicuique
1603 850 1821 924 {ffigffijffiss

195 940 286 988 pro
310 940 507 972 suarum
531 925 779 972 actionum
796 925 966 988 regula
988 925 1175 973 tributa
1198 933 1272 973 est
1294 947 1306 981 ;
1342 933 1449 973 tum
1474 926 1588 989 quia
1603 937 1651 966 lex
1664 938 1770 968 divina-

195 999 392 1048 vivendi
414 1007 672 1063 praecepta,
699 1016 807 1063 quae
832 1000 946 1048 inde
965 1000 1263 1060 derivantur,
1279 1001 1450 1048 eadem
1473 1009 1588 1050 sunt

196 1091 308 1139 quae
331 1093 362 1124 a
380 1075 547 1124 divina
570 1076 846 1140 Majestate‚
864 1093 954 1140 pro
985 1077 1177 1140 legibus
1194 1078 1335 1141 regni
1360 1077 1585 1137 coelestis,

193 1168 283 1216 per
314 1152 579 1214 Dominum
623 1160 844 1200 nostrum
892 1153 922 1201 J
926 1169 1062 1201 esum
1104 1152 1367 1213 Christum,
1409 1161 1460 1202 et
1497 1170 1587 1217 per

194 1234 389 1275 sanctos
413 1227 682 1291 Prophetas
719 1234 768 1275 et
799 1227 1064 1291 Apostolos
1102 1229 1415 1292 promulgata
1454 1237 1585 1277 sunt.

194 1302 320 1352 Quae
344 1302 495 1366 igitur
519 1303 580 1351 de
603 1303 712 1366 lege
735 1303 947 1351 naturali
970 1303 1313 1352 ratiocinando
1338 1321 1486 1368 supra
1509 1305 1585 1353 in-

191 1379 390 1428 tellecta
429 1387 560 1439 sunt,
604 1395 663 1427 ea
706 1379 801 1428 hoc
848 1380 1007 1443 capite
1050 1396 1111 1428 ex
1153 1380 1408 1444 Scriptura
1446 1397 1585 1429 sacra

140 1465 147 1470 “
191 1455 483 1504 confirmare
512 1455 814 1504 conabimur.

256 1537 304 1580 2.
341 1531 570 1596 Inprimis
594 1539 759 1580 autem
795 1548 853 1580 ea
875 1532 984 1580 loca
1019 1532 1361 1592 indicabimus,
1396 1533 1448 1581 in
1474 1533 1579 1597 qui-
1599 1543 1637 1595 1f1
1654 1544 1732 1582 quod
1749 1554 1864 1583 geum„

187 1606 280 1655 bus
301 1607 462 1671 legem
486 1607 701 1655 divinam
724 1608 775 1655 in
798 1615 934 1656 recta
966 1608 1157 1656 ratione
1192 1608 1336 1657 sitam
1367 1625 1471 1658 esse
1495 1609 1580 1658 de·
1597 1588 1864 1670 Εἷεῖἓζῗηᾞῗω

188 1685 418 1734 claratur.
489 1686 665 1734 Psalm.
690 1686 852 1734 xxxvi.
885 1692 964 1746 30,
991 1693 1048 1735 31
1076 1704 1086 1735 :
1118 1687 1189 1734 Os
1212 1687 1349 1751 justi
1372 1688 1580 1736 medita-

188 1760 325 1810 bitur
338 1761 658 1827 sapientiam,
677 1769 727 1810 et
742 1761 920 1827 lingua
935 1763 1043 1826 ejus
1063 1762 1296 1827 loquetur
1300 1763 1576 1827 justitiam.

187 1836 300 1885 Lex
333 1837 438 1886 Dei
472 1837 524 1885 in
561 1837 714 1886 corde
745 1838 923 1903 ipsius.
993 1839 1094 1887 Jer.
1130 1839 1261 1887 xxxi.
1299 1845 1391 1888 33:
1427 1839 1577 1888 Dabo

187 1910 349 1977 legem
373 1928 526 1960 meam
542 1912 594 1960 in
613 1912 886 1961 visceribus
905 1930 1085 1974 eorum,
1100 1921 1150 1962 et
1169 1914 1221 1962 in
1240 1915 1394 1963 corde
1410 1932 1578 1963 eorum

185 1987 404 2036 scribam
426 2005 549 2036 eam.
620 1989 744 2037 Psal.
769 1989 902 2037 xviii.
930 1994 988 2038 8:
1025 1989 1137 2037 Lex
1161 1990 1368 2039 Domini
1407 1991 1576 2040 imma-

186 2063 359 2112 culata
401 2069 690 2112 convertens
735 2065 962 2113 animam.
1029 2065 1143 2114 Ver.
1168 2071 1216 2126 9,
1257 2066 1576 2132 Praeceptum

183 2138 390 2188 Domini
405 2139 638 2199 lucidam,
655 2139 942 2188 illuminans
961 2140 1146 2190 oculos.
1180 2141 1327 2191 Deut.
1345 2159 1459 2192 xxx.
1485 2151 1538 2193 11
1562 2164 1572 2193 :

181 2214 484 2264 Mandatum
502 2215 610 2275 hoc,
634 2215 772 2280 quod
790 2233 886 2281 ego
904 2217 1154 2284 proecipio
1179 2218 1272 2266 tibi
1288 2218 1453 2280 hodie,
1477 2237 1574 2269 non

183 2307 344 2356 supra
369 2297 418 2339 te
441 2296 535 2348 est,
558 2307 716 2356 neque
724 2292 915 2356 procul
926 2295 1168 2358 positum,
1192 2300 1286 2343 etc.
1338 2295 1452 2344 Ver.
1482 2302 1538 2346 14
1560 2316 1570 2345 ε

180 2365 292 2426 86ιῖ
314 2368 473 2431 juata
509 2373 559 2414 te
599 2373 678 2415 est
713 2384 874 2415 Sermo
915 2367 1079 2428 valde,
1105 2370 1156 2417 in
1192 2387 1279 2418 ore
1310 2377 1409 2431 tuo,
1432 2378 1483 2420 et
1520 2373 1573 2421 in

181 2443 335 2492 corde
370 2449 471 2491 tuo.
528 2443 652 2491 Psal.
679 2443 839 2492 cxviii.
867 2450 960 2492 34:
996 2445 1084 2493 Da
1107 2445 1229 2494 mihi
1252 2446 1572 2506 intellectam,

181 2525 233 2567 et
276 2518 544 2568 scrutabor
590 2519 749 2584 legem
793 2526 942 2569 tuam.
1010 2521 1123 2570 Ver.
1176 2528 1266 2571 105
1289 2542 1300 2570 ε
1336 2523 1572 2573 Lucerna

172 2594 392 2659 pedibas
425 2595 546 2643 meis
565 2595 762 2643 verbum
782 2602 929 2657 tuum,
953 2603 1004 2645 et
1028 2596 1188 2646 lamen
1211 2600 1404 2648 semitis
1432 2602 1568 2650 meis.

180 2669 322 2718 Prov.
364 2670 429 2719 ix.
484 2677 542 2720 10
563 2689 575 2719 :
652 2670 879 2719 Scientia
930 2679 1230 2734 sanctorum,
1269 2675 1568 2740 prudentia.

179 2745 356 2794 Johan.
381 2746 413 2795 i.
446 2752 465 2795 l
505 2747 609 2811 ipse
632 2746 754 2811 legis
785 2747 1124 2812 promulgator
1158 2749 1379 2799 Christus
1403 2754 1568 2817 appel-

179 2820 312 2871 latur
344 2823 497 2887 λόγος.
567 2823 704 2871 VerS.
744 2828 791 2882 9,
816 2830 1021 2872 vocatur
1061 2825 1192 2874 idem
1217 2826 1443 2877 Christus
1480 2828 1567 2878 lux
