2020 3262
385 217 655 252 DEREGNO
684 218 779 251 DEI
807 217 914 250 PER
941 217 1165 251 PACTUM
1194 218 1418 252 NOVUM.
1491 206 1586 258 375

196 346 375 379 ,rursus
397 331 542 394 (vers.
559 330 610 393 8)
632 348 644 377 :
680 328 727 376 A
732 327 954 376 bacis-eus
968 333 1046 375 est
1063 327 1126 375 de
1144 334 1287 376 terra
1305 328 1566 376 viventium
1576 348 1594 377 .·

197 413 421 471 propter
436 405 600 454 scelus
609 403 796 470 populi
806 402 1047 468 percussi
1061 419 1183 461 eum,
1203 411 1297 450 etc.
1319 403 1477 464 (Vers.
1494 406 1593 465 12):

206 483 284 530 Et
319 481 432 530 ideo
465 482 766 547 dispertiam
801 480 850 528 ei
881 477 1151 543 plurimos,
1187 485 1237 525 et
1254 478 1481 542 sortium
1518 479 1597 527 di-

207 558 346 606 videt
379 557 564 623 spolia,
600 574 706 622 pro
741 573 798 604 eo
849 555 984 620 quod
1027 554 1248 602 tradidit
1295 555 1347 601 in
1394 561 1597 602 mortem

206 633 420 682 animam
439 650 593 693 suam,
611 639 661 680 et
685 648 791 680 cam
815 630 1084 678 sceleratis
1107 636 1374 694 reputatus
1398 636 1501 677 est:
1548 637 1599 677 et

207 708 319 772 ipse
350 715 568 774 peecata
602 707 863 756 multoram
888 705 1020 763 tulit,
1053 712 1103 753 et
1122 722 1221 771 pro
1247 712 1598 769 transgresso-

207 783 349 832 ribus
372 784 594 849 rogavit.
663 783 727 831 Et
742 782 991 830 Zachariae
1015 782 1100 843 (ix.
1121 782 1172 843 9)
1195 800 1206 829 ε
1262 782 1385 846 Ipse
1396 797 1598 844 pauper

207 859 484 908 ascendens
524 875 678 926 super
715 858 925 917 asinam,
962 864 1012 905 et
1036 874 1191 922 super
1205 857 1405 922 pallum
1426 856 1600 918 filium

207 935 379 984 asinae.

276 1017 322 1060 3.
359 1011 640 1075 Imperante
673 1008 869 1057 Tiberio
908 1008 1115 1069 Caesare,
1153 1009 1423 1072 praedicare
1453 1010 1602 1073 coepit

208 1087 439 1136 Servator
451 1093 620 1134 noster
635 1085 665 1134 J
669 1099 806 1133 Esus
826 1084 1073 1143 Galilaeus,
1091 1084 1235 1144 filius,
1249 1093 1306 1133 ut
1319 1087 1602 1150 putabatur,

196 1163 425 1227 Josephi,
471 1160 776 1209 annuncians
828 1160 1009 1223 populo
1062 1160 1348 1209 Judaeorum
1394 1179 1604 1227 regnam

206 1238 310 1287 Dei
332 1239 394 1287 ab
425 1237 541 1302 ipsis
576 1243 910 1301 exspectatum
944 1237 1390 1301 appropinquasse3
1428 1247 1478 1287 et
1501 1254 1604 1286 esse

207 1330 260 1364 se
291 1330 478 1379 regem,
502 1313 555 1361 id
578 1321 669 1372 est,
695 1312 992 1361 CHRISTUM
1020 1328 1228 1369 1LLUM3
1266 1313 1427 1379 legem
1452 1315 1605 1379 expli-

207 1407 353 1446 cans3
394 1389 656 1455 apostolo-5·
694 1388 953 1436 duodecim
991 1396 1040 1437 et
1082 1389 1363 1454 discipulos
1400 1398 1605 1456 septua-

203 1467 372 1533 ginta,
409 1465 678 1514 secundum
712 1480 972 1512 numerum
1002 1465 1280 1528 principum
1303 1466 1520 1514 tribuum
1556 1478 1606 1514 et

1636 353 1764 386 SECT.
1788 353 1855 384 111.

1723 406 1771 436 17.

1619 1024 1636 1052 J
1640 1034 1722 1052 esum
1736 1034 1799 1051 osso

1619 1067 1704 1096 illum
1716 1067 1876 1095 Christum.

208 1543 521 1608 septuaginta
555 1542 816 1600 seniorum,
852 1541 916 1589 ad
950 1542 1319 1591 similitudinem
1355 1545 1524 1603 Mosis,
1553 1544 1605 1591 in
1629 1556 1632 1560 ·

207 1619 534 1668 ministerium
569 1634 849 1673 assumens3
886 1617 1014 1665 viam
1047 1618 1231 1666 salutis
1254 1636 1343 1683 per
1366 1636 1417 1668 se
1443 1628 1493 1668 et
1515 1636 1604 1684 per

208 1695 319 1744 illos
359 1695 543 1743 docens
558 1712 578 1750 ;
626 1694 866 1757 templum
904 1709 1150 1757 purgans;
1201 1695 1341 1759 signa
1386 1696 1606 1760 ingentia

208 1771 410 1831 faciens,
435 1777 486 1819 et
519 1786 578 1819 ea
611 1769 775 1818 omnia
808 1769 1095 1833 adimplens,
1120 1787 1230 1834 quae
1256 1773 1510 1836 prophetae
1546 1772 1606 1820 de

208 1848 378 1896 futuro
395 1846 591 1895 Christo
614 1845 870 1894 vaticinati
893 1845 1106 1894 fuerant.
1161 1846 1310 1896 Hunc
1334 1849 1606 1908 Pharisaeis,

184 1958 187 1961 ι
211 1939 422 1988 quorum
440 1922 715 1972 doctrinam
733 1922 905 1970 falsam
928 1928 978 1969 et
995 1922 1271 1971 simulatam
1295 1925 1607 1973 sanctitatem

209 1998 608 2064 reprehenderat,
649 2005 700 2046 et
740 2013 829 2061 per
869 2013 951 2045 eos
986 1998 1168 2062 populo
1207 1988 1433 2060 invisum,
1467 2002 1608 2065 regni

210 2075 427 2125 affectati
461 2081 762 2133 accusatum,
799 2080 849 2122 et
882 2074 1184 2136 crucifixum,
1221 2075 1468 2141 descripta
1503 2078 1607 2142 ejus

209 2150 515 2215 genealogia,
532 2149 804 2208 nativitate,
827 2148 944 2208 vita,
967 2148 1207 2210 doctrina,
1231 2160 1408 2212 morte,
1445 2161 1496 2201 et
1530 2170 1608 2201 re-

212 2227 530 2284 surrectione,
555 2224 982 2289 comparandoque
1018 2241 1076 2273 ea
1110 2242 1220 2290 quae
1253 2228 1371 2276 fecit
1406 2245 1518 2277 cum
1549 2230 1608 2278 iis

214 2319 323 2367 quae
344 2302 584 2367 praedicta
604 2301 821 2360 fuerunt,
844 2317 1016 2350 verum
1039 2302 1187 2352 fuisse
1220 2304 1534 2366 CHRISTUM,
1559 2314 1609 2354 et

211 2396 386 2444 regem
409 2396 439 2427 a
461 2379 568 2427 Deo
591 2378 900 2442 promissum,
927 2386 977 2426 et
1010 2378 1074 2426 ad
1107 2381 1445 2429 renovandum
1479 2382 1609 2430 inter

212 2456 344 2520 ipsos
369 2462 420 2503 et
443 2455 603 2503 Deum
615 2461 824 2519 pactum
848 2470 1019 2502 novum
1043 2470 1073 2502 a
1096 2455 1201 2504 Deo
1224 2463 1365 2519 patre
1387 2457 1607 2518 missum,

213 2539 266 2580 et
289 2531 555 2580 ostendunt
578 2530 918 2594 Evangelistae,
943 2538 994 2578 et
1013 2530 1277 2580 Christiani
1300 2550 1468 2582 omnes
1492 2551 1608 2583 con-

213 2608 446 2657 sentiunt.

280 2690 329 2732 4.
365 2685 440 2732 Ex
475 2701 550 2743 eo,
576 2684 709 2747 quod
745 2683 1030 2732 CHRISTUS
1067 2701 1097 2731 a
1131 2684 1235 2733 Deo
1270 2693 1410 2749 patre
1433 2687 1635 2742 missus„

213 2759 362 2810 fuerit
379 2761 444 2810 ad
460 2759 830 2825 percutiendum
834 2760 1021 2824 soedus
1044 2760 1173 2808 inter
1195 2762 1356 2825 ipsum
1379 2772 1429 2812 et
1454 2780 1608 2828 popu-
