2020 3262
834 241 931 285 209

608 625 1152 679 IMPERIUM.

391 1039 453 1071 DE
478 1039 637 1070 CAUSIS
662 1039 723 1071 ΕΤ
747 1038 1088 1071 GENERATIONE
1114 1038 1361 1070 CIVITATIS.

185 1117 222 1154 1.
249 1115 374 1166 Leges
402 1116 591 1154 naturales
621 1129 696 1154 non
726 1116 899 1153 sufficere
932 1115 980 1152 ad
1009 1116 1114 1164 pacis
1146 1115 1483 1152 conservationem,
1537 1117 1574 1153 2.

235 1177 361 1228 Leges
389 1185 535 1215 natum
565 1179 602 1215 in
623 1184 723 1215 statu
743 1183 889 1214 naturae
909 1177 1030 1214 silere.
1086 1179 1123 1215 3.
1153 1176 1403 1214 Securitatem
1424 1177 1576 1214 vivendi

235 1229 447 1277 secundum
474 1239 576 1289 leges
595 1245 740 1276 naturae
760 1239 964 1276 consistere
984 1239 1022 1275 in
1042 1238 1247 1275 concordia
1265 1238 1483 1275 multorum.
1538 1241 1576 1276 4.

0 1350 6 1355 k
237 1301 493 1340 Concordiam
524 1301 732 1338 multorum
765 1313 840 1338 non
873 1313 954 1338 esse
982 1301 1072 1337 satis
1098 1305 1335 1337 constantem
1362 1299 1409 1336 ad
1440 1312 1575 1348 pacem

0 1363 9 1405 ’ξ
232 1362 466 1400 diuturnam.
521 1365 558 1401 5.
588 1362 669 1401 Cur
694 1363 894 1400 brutorum
927 1362 1179 1412 quorumdam
1208 1362 1459 1399 animantium
1477 1363 1575 1412 regi-

0 1429 10 1469 ξ
236 1436 322 1461 men
341 1423 422 1461 sola
439 1428 514 1461 stet
545 1424 774 1470 concordia3
804 1424 1002 1460 hominum
1023 1436 1098 1460 non
1122 1424 1225 1460 item.
1280 1426 1317 1461 6.
1347 1422 1508 1473 Requiri
1527 1424 1574 1462 ad

3 1480 11 1483 ”
234 1498 368 1536 pacem
383 1486 593 1531 hominum,
613 1498 688 1523 non
710 1485 824 1523 modo
843 1486 1142 1530 consensionem,
1162 1485 1227 1522 sed
1247 1485 1360 1522 etiam
1381 1486 1575 1522 unionem.

235 1548 273 1589 7.
301 1547 405 1590 Quid
423 1548 472 1585 sit
490 1548 594 1585 unio.
649 1550 685 1586 8.
712 1547 756 1584 In
778 1548 931 1592 unione,
950 1546 1016 1597 jus
1043 1547 1214 1584 omnium
1245 1547 1282 1583 in
1310 1559 1430 1583 unum
1455 1552 1576 1584 trans-

234 1608 368 1647 fertur.
421 1612 459 1649 9.
486 1609 591 1651 Quid
617 1610 666 1647 sit
694 1610 838 1646 civitas.
881 1612 942 1648 10.
970 1609 1074 1651 Quid
1092 1610 1141 1646 sit
1159 1621 1321 1658 persona
1334 1608 1468 1645 civilis.
1515 1610 1576 1647 11.

233 1671 340 1714 Quid
368 1671 418 1708 sit
440 1683 634 1708 summum
664 1671 806 1708 habere
834 1671 1048 1720 imperium,
1086 1675 1125 1707 et
1149 1670 1242 1720 quid
1271 1670 1456 1707 subditus.
1515 1671 1575 1708 12.

235 1731 328 1770 Duo
346 1744 488 1783 genera
506 1732 714 1777 civitatum,
734 1732 906 1769 naturale
926 1737 965 1768 et
991 1731 1258 1768 institutivum.

190 1818 232 1860 1.
268 1811 652 1860 MANIFESTUM
679 1819 754 1859 est
789 1827 879 1874 per
902 1827 968 1869 se,
993 1812 1210 1859 actiones
1249 1812 1504 1860 hominum
1547 1828 1577 1859 a
1616 1826 1742 1858 sacr.
1764 1827 1832 1862 111.

182 1887 452 1946 voluntate,
492 1887 796 1935 voluntatem
836 1904 866 1935 a
901 1903 986 1949 spe
1030 1894 1079 1935 et
1116 1896 1252 1936 metu
1295 1887 1573 1951 proficisci3
1627 1879 1820 1947 „Er-..2

183 1962 308 2011 adeo
345 1971 402 2011 ut
439 1963 631 2027 quoties
669 1963 840 2011 bonum
877 1964 1053 2026 majac,
1079 1964 1156 2012 vel
1192 1963 1372 2012 malum
1417 1965 1574 2011 minus
1594 1972 1684 2009 Leges
1697 1971 1845 2000 naturales

182 2038 380 2087 videtur
399 2055 429 2087 a
450 2039 714 2087 violatione
737 2040 903 2103 legum
927 2039 1019 2087 sibi
1036 2049 1406 2103 proventurum,
1427 2055 1574 2103 quam
1591 2015 1858 2097 ζζῖῑεωῖῗῖἷιῖξ

184 2115 246 2163 ab
295 2115 650 2174 observatione,
698 2115 919 2164 volentes
965 2115 1166 2164 violant.
1262 2117 1382 2180 Spes
1423 2116 1576 2180 igitur
1591 2104 1707 2131 ⁶⁰¹¹e¹¹¹⁴

181 2190 447 2254 unicuique
483 2192 759 2239 securitatis
794 2191 1273 2256 conservationisque
1311 2209 1411 2240 suae
1439 2193 1491 2240 in
1516 2208 1574 2240 eo

182 2267 279 2315 sita
302 2275 394 2326 est,
430 2274 487 2315 ut
521 2267 705 2315 viribus
742 2267 1026 2330 artibusque
1063 2269 1272 2332 propriis
1296 2269 1575 2332 proximum

183 2359 327 2391 suum
349 2343 427 2391 vel
449 2343 611 2406 palam
628 2343 706 2391 vel
741 2359 802 2390 ex
824 2343 1011 2391 insidiis
1034 2360 1380 2408 praeoccupare
1403 2345 1573 2408 possit.

183 2419 259 2468 Ex
283 2435 381 2483 quo
406 2419 712 2483 intelligitur,
742 2419 874 2482 leges
897 2420 1143 2468 naturales
1174 2437 1274 2469 non
1311 2421 1493 2479 statim,
1518 2429 1576 2468 ut

183 2495 398 2559 cognitae
423 2503 552 2553 sunt,
578 2495 892 2543 securitatem
923 2495 1149 2559 cuiquam
1173 2503 1409 2560 praestare
1440 2497 1573 2560 ipsas
1611 2519 1615 2524 ·

182 2570 505 2619 observandi:
544 2578 595 2618 et
630 2570 854 2634 proinde,
887 2571 1123 2633 quamdiu
1155 2572 1319 2620 cautio
1344 2573 1404 2620 ab
1439 2572 1575 2620 inva-

182 2646 321 2694 sione
344 2646 551 2694 aliorum
582 2663 681 2694 non
717 2647 973 2706 habeatur,
1009 2648 1213 2695 cavendi
1249 2648 1340 2696 sibi
1378 2648 1575 2711 quibus—

187 2740 381 2788 cunque
394 2724 551 2773 modis
566 2725 777 2773 voluerit
792 2732 842 2772 et
856 2725 1090 2788 potuerit,
1098 2726 1362 2789 unicuique
1377 2742 1575 2774 manere

172 2800 266 2863 jus
280 2800 586 2864 primaevum,
605 2802 701 2849 hoc
717 2809 806 2859 est,
818 2802 909 2863 jus
934 2801 985 2849 in
1009 2802 1186 2861 omnia,
1207 2802 1308 2850 sive
1320 2803 1411 2865 jus
1428 2801 1547 2850 belli
1556 2820 1575 2857 ‚·

184 2876 460 2939 sufficitque
483 2877 547 2925 ad
583 2877 917 2941 impletionem
947 2877 1068 2942 legis
1099 2878 1352 2938 naturalis,
1376 2885 1432 2926 ut
1470 2879 1576 2942 quis

318 2967 443 3000 VOL.
471 2967 531 3000 11.
1413 2970 1444 3003 P
