2020 3262
411 216 500 257 116
926 227 1006 262 ’ΒΕ
1029 230 1269 263 ΗοΜῙΝΕ.

152 355 281 388 εΕοτ.
305 357 353 388 ιι.
407 337 469 383 01)
493 337 676 386 nullam
698 339 841 386 aliam
866 356 1075 400 causam,
1102 358 1247 404 quam
1272 341 1403 404 quod
1425 342 1486 389 ab
1510 342 1786 390 hominibus

113 465 117 469 ,
158 407 348 475 5,ξῇ
405 412 602 473 perfidis
646 422 927 477 perpetrata
971 416 1156 478 flagitia
1200 417 1250 463 in
1296 416 1388 463 illis
1424 417 1558 464 libris
1602 417 1788 465 laudari

403 486 586 546 vident,
611 488 839 536 nimirum
863 491 1109 553 regicidia,
1136 491 1175 538 si
1199 491 1343 538 modo
1367 507 1506 553 reges
1529 498 1789 554 antequam

406 564 634 611 occidant
657 572 892 628 tyrannos
916 573 1107 613 vocent.
1171 567 1354 613 Verum
1377 566 1627 629 ingenium
1654 567 1790 629 vulgi

406 640 734 702 corrumpitur
769 640 927 687 adhuc
970 642 1124 703 magis
1158 657 1188 688 a
1223 641 1432 688 lectione
1468 641 1703 688 librorum
1741 649 1791 689 et

405 714 653 762 auditione
700 715 1092 762 concionantium
1139 732 1324 774 eorum,
1374 716 1456 778 qui
1495 732 1700 778 regnum
1739 716 1791 763 in

405 805 574 852 regno,
612 789 994 837 ecclesiasticum
1026 790 1076 837 in
1109 791 1238 838 civili
1271 806 1374 838 esse
1405 790 1589 838 volunt.
1660 791 1792 838 Hinc

405 866 535 913 enim
571 881 660 928 pro
700 866 874 913 Cassiis
913 873 962 912 et
1000 866 1165 913 Brutis
1199 866 1422 913 oriuntur
1456 865 1709 913 Ravilliaci
1743 871 1793 912 et

406 942 697 1000 Clementes‚
718 942 816 1004 qui,
838 958 949 988 cum
968 957 1108 1004 reges
1128 958 1239 989 suos
1255 941 1522 988 occidendo
1539 939 1792 988 ambitioni

405 1016 694 1064 inservirent
717 1016 902 1074 alienae,
928 1017 1032 1063 Deo
1057 1032 1108 1063 se
1132 1017 1311 1064 servire
1335 1016 1711 1063 arbitrabantur.

152 1094 384 1165 vlssffitgsswffrm
477 1096 522 1139 8.
563 1091 778 1154 Ingenia,
821 1091 1015 1154 quando
1051 1090 1369 1138 assuescendo
1404 1091 1473 1137 ita
1507 1091 1795 1138 confirmata

409 1174 537 1224 sunt,
573 1174 629 1213 ut
664 1166 805 1213 facile
838 1182 929 1213 nec
962 1167 1236 1213 reluctante
1273 1166 1462 1213 ratione
1500 1182 1610 1213 suas
1647 1166 1794 1213 edant

408 1242 640 1300 actiones,
671 1242 900 1289 dicuntur
937 1259 1110 1290 mores.
1181 1243 1347 1289 Mores
1385 1249 1564 1300 autem,
1602 1242 1642 1289 si
1676 1241 1794 1288 boni

407 1317 518 1375 51111,
543 1317 754 1363 virtutes
771 1335 790 1370 ;
816 1317 855 1363 si
878 1316 1006 1375 mali,
1031 1317 1156 1363 vitia
1181 1317 1500 1379 appellantur.
1550 1316 1793 1365 Quoniam

406 1399 571 1439 autem
593 1407 691 1438 non
718 1392 888 1438 eadem
915 1393 1138 1439 omnibus
1161 1394 1292 1440 bona
1316 1400 1364 1439 et
1381 1393 1509 1439 mala
1528 1399 1656 1449 sunt,
1677 1407 1794 1438 con-

407 1466 555 1529 tingit
570 1466 764 1513 eosdem
780 1482 940 1513 mores
958 1468 1018 1513 ab
1036 1467 1111 1514 his
1126 1467 1314 1514 laudari
1332 1468 1391 1514 ab
1411 1467 1503 1514 illis
1524 1467 1724 1530 culpari,
1743 1465 1795 1512 id

408 1549 497 1600 est,
514 1542 575 1589 ab
594 1541 699 1588 aliis
712 1542 883 1599 bonOS‚
900 1543 959 1588 ab
980 1542 1084 1588 aliis
1103 1542 1270 1598 malos,
1288 1542 1348 1588 ab
1368 1541 1471 1589 aliis
1489 1542 1711 1599 virtutes,
1731 1541 1793 1588 ab

408 1617 514 1664 aliis
532 1616 916 1679 vitiafappellari.
961 1616 1125 1664 Quare
1144 1624 1216 1674 111,
1244 1616 1374 1679 quod
1398 1616 1493 1663 dici
1517 1617 1655 1674 solet,
1677 1624 1796 1679 quot

410 1692 572 1755 capita
584 1698 661 1739 tot
678 1691 946 1749 sententiae,
958 1691 1026 1738 ita
1042 1692 1191 1738 etiam
1207 1691 1302 1738 dici
1316 1698 1493 1754 potest,
1505 1699 1626 1754 quot
1638 1691 1796 1738 homi-

409 1782 496 1814 nes
514 1774 591 1814 tot
606 1766 799 1814 virtutis
818 1773 866 1813 et
879 1766 984 1813 vitii
1003 1766 1205 1814 diversae
1224 1766 1418 1828 regulae.
1469 1766 1615 1815 Quod
1631 1772 1796 1814 tamen

361 1851 363 1855 ⁴
411 1842 472 1889 de
495 1841 773 1889 hominibus
806 1848 1005 1888 eatenus
1037 1841 1408 1904 intelligendum
1437 1849 1525 1899 est,
1557 1849 1796 1904 quatenus

410 1917 630 1965 homines
661 1923 869 1975 tantum,
908 1933 1007 1964 non
1039 1917 1187 1964 etiam
1220 1925 1459 1980 quatenus
1497 1916 1647 1971 cives;
1682 1932 1796 1964 nam

413 2009 597 2050 eorum,
624 1992 706 2054 qui
730 2000 867 2038 extra
890 1992 1137 2039 civitatem
1161 1999 1290 2050 sunt,
1316 1992 1439 2039 alter
1466 1992 1663 2039 alterius
1680 2008 1796 2043 ‚sen-

412 2067 618 2115 tentiam
641 2067 776 2129 sequi
799 2083 898 2114 non
918 2067 1182 2129 obligatum
1209 2067 1258 2114 in
1284 2067 1480 2114 civitate
1503 2083 1618 2114 vero
1642 2067 1796 2129 pactis

413 2143 705 2205 obligantur.
764 2142 837 2188 Ex
862 2158 958 2203 quo
978 2141 1266 2204 intelligitur
1290 2142 1542 2189 scientiam
1565 2142 1793 2188 moralem

412 2218 596 2265 nullam
626 2217 805 2264 habere
838 2233 978 2279 posse
1012 2233 1111 2275 eos,
1137 2218 1220 2280 qui
1243 2218 1462 2264 homines
1486 2217 1796 2264 considerant

411 2309 499 2356 per
517 2308 568 2340 se
587 2299 636 2339 et
655 2292 792 2354 quasi
811 2300 949 2339 extra
967 2292 1248 2339 societatem
1268 2293 1474 2350 civilem,
1493 2300 1695 2354 propter
1712 2291 1795 2338 de-

412 2368 597 2415 fectum
624 2383 864 2414 mensurae
897 2373 1058 2424 certae,
1086 2383 1182 2429 qua
1208 2367 1361 2414 virtus
1390 2374 1439 2414 et
1464 2367 1633 2414 vitium
1667 2366 1796 2414 aesti-

412 2444 535 2490 mari
559 2450 609 2490 et
633 2442 823 2489 definiri
845 2441 1044 2504 possint.
1093 2442 1221 2488 Nam
1245 2442 1460 2489 scientiae
1485 2457 1651 2488 omnes
1674 2441 1794 2488 inci-

412 2519 554 2580 piunt
577 2535 607 2565 a
631 2517 1008 2574 definitionibus,
1038 2533 1129 2563 nec
1162 2517 1301 2564 aliter
1332 2516 1544 2564 scientiae
1577 2515 1795 2563 dicendae

414 2601 541 2651 sunt,
567 2593 652 2640 sed
675 2607 920 2639 sermones
943 2592 1080 2638 meri.
1412 2652 1415 2654 .

194 2682 337 2710 Mensura
480 2675 527 2716 9.
553 2669 726 2730 Itaque
748 2667 842 2715 nisi
865 2667 916 2714 in
939 2667 1040 2715 vita
1064 2667 1208 2724 civili,
1233 2667 1469 2714 virtutum
1492 2672 1545 2732 et
1563 2665 1795 2712 vitiorum

193 2724 373 2753 'mmmm'
415 2743 683 2791 communis
701 2758 927 2790 mensura
943 2758 1042 2789 non
1060 2742 1302 2791 invenitur
1320 2763 1331 2796 ;
1357 2757 1465 2803 quae
1487 2756 1714 2788 mensura
1732 2741 1794 2788 ob

415 2835 522 2866 eam
546 2835 738 2866 causam
763 2818 857 2866 alia
876 2834 978 2866 esse
997 2834 1096 2865 non
1114 2824 1275 2881 potest
1292 2823 1470 2879 praeter
1488 2816 1787 2879 uniuscujus-
