2020 3262
172 382 298 414 SECT.
323 384 391 417 111.

260 435 307 463 12.

149 975 273 1005 peccare
284 978 415 1006 subditos

148 1020 308 1048 obediendo
338 1021 415 1058 prin-

147 1063 262 1099 cipibus
285 1064 354 1098 suis,
376 1073 416 1092 se-

148 1106 252 1134 ditiosa
265 1107 370 1143 opinio.

433 243 528 285 286
981 254 1286 288 IMPERIUM.

437 363 578 425 (Gen.
603 364 670 412 iii.
698 365 765 426 5.)
791 383 801 411 :
839 364 1010 413 Eritis
1036 366 1167 414 Sicut
1200 367 1289 425 dii,
1318 366 1531 414 scientes
1571 366 1739 415 bonum
1767 374 1817 416 et

433 439 626 487 malum.
694 441 759 487 Et
795 441 953 503 prima
987 441 1079 488 Dei
1115 457 1227 488 cum
1263 441 1460 488 homine
1493 442 1816 504 expostulatio

438 514 577 575 (Gen.
596 515 662 562 iii.
690 515 790 578 ll):
812 516 954 571 Quis
974 516 1216 564 indicavit
1236 516 1328 563 tibi
1346 516 1481 580 quod
1494 516 1652 563 nudus
1666 533 1816 576 esses,

431 589 531 637 nisi
566 590 701 654 quod
733 607 794 638 ex
829 590 984 655 lign0‚
1027 591 1089 638 de
1123 607 1218 654 quo
1242 593 1591 655 Proeceperam
1625 591 1719 639 tibi
1757 609 1818 640 ne

432 665 728 723 comederes,
761 665 1063 713 comedisti?
1135 666 1290 715 Quasi
1315 666 1513 722 diceret,
1536 666 1668 714 unde
1686 667 1817 730 judi-

431 741 553 788 casti
576 740 864 798 nuditatem,
883 740 934 788 in
955 757 1050 803 qua
1066 741 1223 789 visum
1247 749 1322 788 est
1341 741 1460 788 mihi
1478 749 1527 788 te
1547 757 1728 801 creare,
1743 742 1818 791 in-

429 815 684 863 honestam
720 832 838 875 esse,
871 816 966 863 nisi
998 816 1129 879 quod
1167 816 1497 880 cognitionem
1532 817 1727 865 honesti
1767 826 1818 866 et

430 891 677 938 inhonesti
701 898 805 939 tute
828 891 918 938 tibi
946 891 1219 954 arrogasti?

498 973 543 1014 2.
582 967 841 1014 Peccatum
857 974 930 1014 est
946 967 1177 1029 quicquid
1192 967 1299 1028 quis
1321 966 1492 1014 fecerit
1513 973 1684 1015 contra
1702 983 1819 1016 con—

433 1042 715 1097 scientiam3
765 1059 879 1089 nam
920 1043 1004 1105 qui
1041 1042 1093 1089 id
1128 1042 1329 1101 faciunt,
1371 1042 1529 1104 legem
1567 1050 1816 1104 spernunt.

433 1117 530 1165 Sed
584 1117 980 1180 distinguendum
1032 1125 1138 1171 051;
1197 1124 1454 1180 peccatum
1504 1132 1667 1164 meum
1726 1126 1816 1176 est,

431 1192 564 1254 quod
608 1192 807 1251 faciens,
848 1200 1104 1255 peccatum
1145 1208 1304 1239 meum
1351 1207 1453 1239 0550
1497 1198 1648 1254 puto;
1685 1192 1818 1256 quod

429 1283 546 1314 vero
576 1275 834 1329 peccatum
872 1267 1083 1315 alienum
1121 1283 1225 1315 esse
1258 1275 1395 1330 puto,
1432 1283 1630 1330 possum
1667 1285 1817 1331 quan-

431 1341 591 1403 doque
630 1342 733 1389 sine
772 1349 977 1404 peccato
1015 1358 1124 1389 meo
1163 1342 1339 1390 facere.
1410 1343 1537 1390 Nam
1571 1343 1613 1390 si
1641 1343 1816 1405 jubear

428 1416 589 1463 facere
614 1416 746 1478 quod
769 1425 1026 1479 peccatum
1056 1417 1273 1479 jubentis
1297 1424 1384 1475 est,
1409 1417 1553 1465 modo
1575 1418 1658 1480 qui
1676 1419 1817 1481 jubet

425 1491 536 1552 jure
561 1490 786 1537 dominus
810 1506 945 1537 meus
975 1490 1051 1548 sit,
1076 1490 1127 1537 id
1154 1491 1194 1538 si
1216 1491 1358 1550 facio,
1378 1508 1478 1539 non
1500 1508 1650 1555 pecco
1670 1511 1680 1539 :
1715 1509 1816 1540 non

428 1566 560 1614 enim
585 1565 625 1612 si
643 1565 917 1613 militavero
937 1565 1076 1627 jussu
1100 1565 1323 1623 civitatis,
1338 1574 1516 1629 putans
1539 1567 1719 1614 bellum
1741 1568 1816 1615 in-

424 1642 555 1704 juste
593 1649 873 1703 susceptum
914 1656 1031 1698 esse,
1074 1640 1256 1688 idcirco
1297 1642 1474 1703 injuste
1513 1642 1691 1701 fecero,
1729 1642 1816 1690 sed

428 1716 608 1779 potius,
634 1716 673 1763 si
697 1715 905 1762 militare
929 1731 1233 1774 recusavero,
1259 1716 1589 1779 cognitionem
1619 1718 1738 1780 justi
1766 1725 1816 1765 et

427 1791 611 1854 injusti,
638 1807 747 1854 quae
782 1791 994 1853 pertinet
1028 1791 1091 1838 ad
1128 1791 1392 1849 civitatem,
1417 1792 1535 1839 mihi
1566 1808 1813 1856 arrogans.

430 1867 529 1916 Qui
554 1866 915 1914 distinctionem
937 1866 1065 1913 hanc
1088 1882 1187 1913 non
1211 1867 1487 1926 observant,
1507 1867 1815 1930 quotiescun-

431 1958 526 2004 que
551 1942 620 1989 eis
646 1942 832 2004 aliquid
855 1942 1148 2004 imperatum
1177 1942 1283 2000 erit,
1320 1943 1451 2004 quod
1481 1943 1703 1990 illicitum
1736 1943 1814 1991 vel

429 2026 503 2064 051
527 2018 603 2064 vel
627 2017 824 2064 videtur
849 2032 966 2075 esse,
987 2017 1205 2064 incident
1227 2017 1278 2064 in
1295 2018 1531 2080 peccandi
1553 2012 1812 2065 necessita-

430 2101 544 2140 tem.
616 2092 744 2139 Nam
775 2092 956 2139 facient
985 2100 1158 2139 contra
1195 2093 1557 2152 conscientiam,
1583 2094 1623 2141 si
1647 2093 1811 2141 obedi-

428 2169 618 2222 verint3
657 2178 829 2214 contra
847 2169 942 2230 jus,
963 2168 1002 2214 si
1026 2183 1125 2214 non
1150 2168 1468 2215 obediverint.
1539 2168 1588 2216 Si
1606 2168 1811 2216 fecerint

427 2251 601 2291 contra
638 2243 1004 2299 conscientiam,
1047 2251 1324 2290 monstrant
1365 2259 1415 2290 se
1454 2259 1554 2291 non
1593 2251 1809 2290 metuere

426 2335 596 2381 poenas
619 2318 772 2366 futuri
797 2319 948 2365 seculi
969 2339 980 2373 3
1018 2318 1057 2365 si
1081 2319 1287 2366 fecerint
1305 2326 1476 2367 contra
1495 2320 1589 2382 jus,
1613 2319 1818 2378 tollunt‚'

427 2400 665 2456 quantum
693 2394 744 2441 in
782 2410 831 2441 50
862 2400 948 2452 051,
980 2394 1264 2442 societatem
1295 2395 1556 2442 humanam
1588 2401 1637 2441 et
1658 2394 1808 2442 vitam

426 2469 618 2516 civilem
638 2469 786 2516 seculi
805 2469 1072 2531 praesentis
1144 2470 1322 2532 Opinio
1347 2469 1495 2532 igitur
1519 2485 1702 2527 eorum,
1724 2470 1808 2532 qui

427 2544 609 2591 docent
629 2560 855 2608 peccare
878 2543 1118 2602 subditos,
1145 2545 1337 2608 quoties
1361 2543 1597 2591 mandata
1612 2544 1808 2607 princi-

419 2636 541 2683 pum
565 2636 775 2678 suorum,
802 2636 908 2683 quce
932 2619 1030 2666 sibi
1056 2620 1242 2682 injusta
1265 2619 1493 2667 videntur
1517 2634 1641 2677 esse,
1666 2636 1806 2666 exse-

428 2702 657 2757 quuntur,
696 2703 746 2742 01
780 2711 984 2742 erronea
1020 2701 1107 2753 051,
1142 2702 1192 2742 01
1224 2694 1351 2741 111101
1382 2709 1461 2740 005
1488 2694 1805 2753 111111101οῃᾶο,

426 2785 536 2831 quae
556 2770 848 2817 obedientiae
867 2770 997 2816 civili
1014 2770 1333 2817 adversantur
1349 2789 1361 2823 3
1387 2767 1629 2831 dependet
1644 2775 1807 2817 autem

423 2845 484 2891 ab
506 2845 732 2907 originali
757 2845 840 2893 illo
865 2861 1045 2904 errore,
1071 2861 1215 2907 quem
1239 2859 1384 2907 supra
1400 2844 1706 2906 praecedente
1730 2861 1806 2892 01-
