2020 3262
262 268 334 302 DE
360 269 504 303 JURE
531 269 682 313 EJUS,
710 268 804 303 cm
831 268 1083 302 SUMMUM
1112 269 1418 305 IMPERIUM.
1468 263 1566 306 233

171 395 283 445 quae
300 380 432 429 cives
455 380 557 430 sive
580 379 763 428 subditi
795 379 927 428 inter
950 395 1002 428 se
1027 379 1208 443 singuli
1228 397 1341 428 cum
1365 382 1568 446 singulis
1609 406 1743 440 SECT,
1761 406 1832 440 111,

169 463 342 504 mutuo
365 455 554 516 ineunt,
574 456 896 504 constitutum
921 455 1008 510 sit3
1027 462 1181 539 pacta
1199 463 1363 503 autem
1388 458 1568 517 omnia,
1701 458 1730 488 ⁶·
1809 501 1814 508 .

168 541 228 579 ut
243 547 275 580 a
295 531 550 580 voluntate
573 530 969 579 contrahentium
993 530 1094 578 vim
1113 547 1251 578 suam
1275 531 1566 592 sortiuntur,
1587 551 1741 579 Summum
1767 552 1854 588 impe.

170 606 242 656 ita
263 622 505 655 consensu
527 606 796 655 eorundem
813 606 914 654 vim
933 622 1071 654 suam
1093 606 1305 670 perdant
1328 614 1378 654 et
1397 607 1568 656 dissol-
1580 603 1822 674 ,11530Ἴέοζ
1821 605 1853 665 ἷζῖ

169 690 384 739 vantur3
418 683 601 732 inferet
639 682 769 731 forte
809 682 1002 747 aliquis,
1036 699 1265 730 summum
1310 683 1637 761 imperium³⁸¹¹
1606 733 1671 752 uno
1639 690 1828 761 ’ζωῃθζζᾞὲ

169 775 413 808 consensu
449 759 668 808 omnium
713 759 858 808 simul
908 759 1220 807 subditorum
1255 775 1400 823 posse
1445 760 1566 809 tolli.
1587 771 1631 796 est
1649 768 1851 796 constitutum

173 835 324 884 Quod
354 835 447 884 etsi
462 852 635 884 verum
658 843 803 895 esset,
823 852 923 884 non
946 835 1090 884 video
1110 842 1277 884 tamen
1303 836 1422 900 quid
1439 837 1570 900 peri-

169 911 269 959 culi
298 911 414 959 inde
449 912 647 959 summis
672 911 1036 977 imperantibus
1073 911 1192 959 oriri
1221 912 1346 975 jure
1383 921 1566 976 posset.

171 988 419 1038 Quoniam
450 989 581 1036 enim
616 988 910 1052 supponitur
940 1003 1342 1052 unumquemque
1376 989 1569 1037 unicui-

169 1080 265 1127 que
306 1080 357 1112 se
394 1065 649 1128 obligasse,
674 1064 716 1112 si
751 1065 958 1128 quilibet
993 1080 1120 1112 unus
1162 1064 1343 1112 civium
1377 1064 1427 1113 id
1460 1066 1568 1113 fieri

167 1139 307 1199 nolit,
350 1140 516 1188 caeteri
552 1155 736 1198 omneS,
760 1147 1013 1204 utcunque
1053 1140 1405 1201 consenserint,
1430 1148 1570 1190 tene-

164 1216 370 1264 buntur:
437 1216 544 1264 Nec
567 1223 732 1280 potest
765 1217 1025 1281 quisquam
1049 1233 1220 1265 eorum
1244 1217 1348 1265 sine
1376 1217 1568 1281 injuria

166 1290 345 1351 facere,
371 1291 507 1355 quod
522 1299 670 1355 pacto
694 1308 889 1340 mecum
913 1293 1037 1340 inito
1052 1309 1154 1341 non
1177 1293 1341 1341 facere
1366 1309 1419 1342 se
1444 1294 1568 1342 obli-

165 1367 317 1432 gavit.
386 1367 502 1416 Non
521 1376 598 1416 est
615 1376 781 1417 autem
795 1369 1074 1433 putandum
1089 1369 1314 1418 accidere
1331 1386 1566 1434 unquam,

165 1453 224 1494 ut
262 1461 432 1494 omnes
479 1445 625 1493 simul
662 1446 808 1505 cives,
852 1462 915 1494 ne
959 1462 1060 1494 uno
1107 1445 1307 1509 quidem
1344 1453 1567 1510 excepto,

177 1528 352 1570 contra
377 1538 609 1569 summum
646 1522 908 1587 imperium
932 1522 1260 1570 consentiant.
1310 1522 1425 1570 Non
1448 1538 1568 1586 ergo

169 1598 446 1662 periculum
461 1605 536 1646 est
549 1598 747 1646 summi-s·
763 1598 1145 1663 imperantibm,
1163 1613 1228 1646 ne
1238 1599 1363 1661 jure
1378 1598 1569 1661 possint

166 1673 467 1722 authoritate
502 1690 591 1721 sua
626 1674 839 1736 spoliari.
911 1674 964 1722 Si
993 1681 1160 1722 tamen
1195 1674 1566 1734 concederetur,

159 1751 242 1814 jus
266 1765 438 1798 eorum
461 1749 738 1813 dependere
763 1766 793 1797 a
817 1750 921 1798 solo
939 1758 1102 1814 pacto,
1139 1750 1271 1814 quod
1305 1750 1568 1814 unusquis-

167 1841 263 1890 que
285 1826 379 1874 init
414 1841 527 1873 cum
560 1842 860 1890 unoquoque
896 1842 984 1875 suo
1021 1827 1238 1886 concive,
1262 1826 1407 1879 facile
1437 1827 1567 1874 acci-

170 1902 287 1950 dere
301 1910 485 1966 posset,
500 1909 558 1950 ut
570 1902 777 1966 imperio
797 1903 1127 1967 spoliarentur
1149 1910 1395 1967 praetextu
1405 1904 1565 1966 juri&

166 1978 386 2027 Subditis
433 1978 565 2026 enim
611 1979 713 2026 sive
759 1979 1042 2027 convocatis
1083 1979 1290 2043 imperio
1333 1979 1562 2039 civitatis,

166 2055 269 2102 sive
301 2054 531 2103 seditiose
568 2055 988 2113 concurrentibus,
1028 2055 1227 2119 plurimi
1261 2056 1567 2104 arbitrantur

166 2147 460 2181 consensum
495 2131 715 2179 omnium
750 2131 991 2179 contineri
1022 2132 1074 2179 in
1100 2147 1343 2180 consensu
1365 2132 1567 2195 majoris

163 2208 337 2273 partis.
410 2207 559 2257 Quod
601 2207 800 2270 quidem
840 2207 1017 2255 falsum
1052 2215 1140 2255 est.
1208 2208 1324 2256 Non
1363 2209 1495 2256 enim
1535 2225 1567 2257 a

164 2290 344 2333 natura
367 2291 458 2342 est,
485 2283 620 2346 quod
642 2299 906 2331 consensus
931 2284 1130 2347 majoris
1153 2285 1306 2348 partis
1324 2285 1566 2333 habeatur

146 2375 255 2424 ‘pro
281 2375 524 2408 consensu
561 2358 796 2418 omnium,
820 2375 980 2422 neque
1002 2375 1174 2407 verum
1209 2367 1284 2407 est
1307 2360 1359 2407 in
1382 2361 1562 2408 tumul-

163 2435 326 2492 tibus;
363 2435 452 2484 sed
473 2435 698 2499 procedit
729 2435 790 2482 ab
814 2435 1124 2484 institutione
1151 2436 1296 2495 civili,
1323 2443 1373 2484 et
1394 2453 1566 2486 verum

165 2520 242 2561 est
257 2519 378 2560 tunc
397 2519 608 2571 tantum,
626 2511 859 2596 quando
847 2528 887 2560 1s
904 2512 1043 2560 homo
1059 2513 1135 2560 vel
1151 2511 1297 2561 curia
1319 2513 1429 2572 illa,
1447 2531 1568 2578 quae

165 2604 396 2636 summum
418 2588 570 2636 habet
601 2587 875 2652 imperium,
893 2588 1023 2636 cives
1039 2605 1331 2648 convocans,
1356 2598 1565 2654 propter

163 2680 427 2712 numerum
479 2680 714 2727 magnum
756 2664 925 2712 electis
974 2681 1079 2713 esse
1118 2666 1224 2713 vult
1267 2673 1564 2729 potestatem

164 2739 398 2804 loquendi
433 2757 524 2805 pro
563 2740 874 2804 eligentibus,
900 2748 950 2789 et
985 2742 1293 2806 loquentium
1327 2743 1564 2806 majorem

164 2825 356 2881 partem
388 2818 520 2866 circa
554 2834 636 2866 eas
660 2834 754 2878 res,
781 2834 892 2880 quae
922 2819 984 2866 ab
1022 2835 1080 2867 eo
1105 2818 1425 2868 discutiendae
1447 2835 1564 2883 pro-

165 2902 431 2957 ponuntur,
452 2894 622 2943 haberi
639 2911 729 2958 pro
748 2894 988 2943 omnibus.
1060 2895 1175 2943 Non
1199 2902 1366 2944 autem
1383 2896 1563 2945 intelli-
