2020 3262
233 397 360 430 SECT.
381 398 449 431 111.

326 450 356 480 9.

249 542 290 570 Et
303 542 428 581 aliquem

248 594 284 614 ex
294 586 356 615 suis
364 587 475 616 liberis:

240 1586 281 1615 Et
292 1587 455 1616 masculum

238 1631 334 1667 potius
365 1641 452 1669 quam

237 1674 398 1704 foeminam:

197 2187 237 2215 Et
249 2187 376 2217 filiorum

195 2234 267 2259 natu
280 2233 446 2267 maximum,

197 2283 284 2312 quam
304 2276 352 2303 mi:
365 2285 458 2304 orem:

493 255 589 298 262
1021 268 1323 303 IMPERIUM.

489 374 593 436 ipse
616 390 727 422 eum
751 382 931 425 statum
954 379 1174 442 exemplo
1212 394 1301 427 suo
1340 379 1589 442 regnando
1625 396 1870 430 commen-

492 449 624 498 davit
645 458 774 511 ante,
798 468 890 500 nec
914 453 1007 501 alio
1030 453 1160 501 facto
1197 461 1281 502 aut
1303 455 1452 502 verbo
1476 462 1587 517 post
1605 455 1867 506 damnavit.

563 531 637 574 15.
673 527 823 575 Porro
865 528 1093 590 quoniam
1129 530 1339 577 naturali
1377 531 1666 578 necessitate
1702 547 1870 580 omnes

489 600 707 649 homines
729 602 852 650 bene
876 603 968 650 illis
993 619 1097 651 esse
1120 604 1323 663 malunt,
1347 621 1436 667 per
1459 621 1578 668 quos
1602 606 1693 654 sibi
1713 606 1872 656 honor

488 682 539 723 et
571 676 730 740 gloria
769 684 857 736 est,
884 694 1029 741 quam
1066 679 1204 734 aliis3
1240 680 1398 728 honor
1435 688 1601 728 autem
1638 689 1692 730 et·
1716 682 1874 746 gloria

485 751 747 815 unicuique
770 761 882 815 post
916 760 1125 801 mortem
1147 770 1235 817 per
1252 752 1517 811 liberorum
1538 757 1700 819 potius
1724 774 1871 821 quam

484 842 573 889 per
605 826 810 874 aliorum
856 844 1271 892 quorumcumque
1310 831 1563 879 hominum
1601 833 1870 895 potentiam

485 902 755 965 contingit3
805 903 1064 966 colligitur,
1100 911 1292 967 patrem
1330 906 1502 955 melius
1541 908 1665 955 velle
1703 908 1870 958 liberis

485 977 600 1036 suis,
626 994 771 1041 quam
795 979 1162 1042 quibuscunque
1194 981 1314 1029 aliis.
1385 983 1682 1047 Intelligitur
1703 984 1869 1048 itaque

483 1052 707 1101 voluntas
741 1053 892 1116 patris
928 1054 1146 1102 intestati
1183 1072 1240 1104 ea
1277 1057 1443 1117 fuisse,
1468 1065 1523 1106 ut
1541 1075 1801 1107 successor
1823 1060 1868 1108 ei

482 1127 655 1191 aliquis
687 1137 813 1176 esset
836 1145 895 1176 ex
916 1129 1080 1178 liberis
1103 1131 1217 1179 suiS.
1287 1133 1397 1181 Hoc
1416 1141 1580 1182 tamen
1602 1135 1672 1183 ita
1693 1135 1868 1183 intelli-

481 1203 696 1265 gendum
720 1211 808 1263 est,
834 1205 874 1252 si
907 1205 1003 1252 alia
1036 1206 1175 1268 signa
1207 1208 1450 1270 apertiora
1482 1210 1534 1257 in
1566 1211 1867 1259 contrarium

481 1294 582 1326 non
637 1278 849 1327 existant
868 1301 880 1335 ;
939 1281 1076 1343 cujus
1126 1283 1336 1344 generis,
1380 1291 1493 1347 post
1528 1286 1867 1335 successiones

481 1353 660 1416 plures,
680 1360 842 1416 potest
878 1370 982 1402 esse
1008 1358 1325 1406 consuetudo.
1395 1360 1494 1409 Qui
1517 1361 1647 1408 enim
1670 1361 1731 1409 de
1754 1377 1865 1410 suc-

483 1428 704 1475 cessione
727 1435 874 1488 tacet,
898 1429 1190 1494 intelligitur
1214 1434 1555 1482 consuetudini
1587 1435 1728 1498 regni
1750 1452 1866 1484 con-

482 1503 678 1551 sentire.

551 1582 628 1626 16.
664 1579 798 1626 Inter
829 1578 1007 1626 liberos
1037 1580 1240 1627 masculi
1268 1580 1478 1630 foeminis
1504 1583 1865 1645 praeferuntur;

481 1653 720 1717 principio
745 1654 941 1717 quidem
980 1655 1108 1702 forte
1141 1655 1273 1718 quod
1293 1657 1597 1721 plerumque,
1626 1659 1742 1708 licet
1762 1676 1864 1709 non

480 1744 684 1792 semper,
709 1730 919 1792 aptiores
944 1737 1058 1777 sunt
1075 1729 1138 1777 ad
1155 1746 1318 1778 rerum
1336 1748 1638 1796 magnarum,
1660 1751 1864 1798 praeser-

478 1804 569 1851 tim
590 1821 706 1852 vero
737 1805 976 1852 bellorum
1013 1805 1513 1865 administrationem;
1547 1816 1659 1872 post
1681 1816 1861 1871 autem,

477 1880 562 1927 ubi
584 1880 635 1928 in
660 1881 1058 1929 consuetudinem
1082 1881 1216 1938 abiit,
1241 1883 1372 1944 quod
1395 1885 1737 1933 consuetudini
1762 1902 1863 1934 non

478 1955 543 2003 sit
558 1956 918 2004 contradictum
936 1977 947 2011 ;
978 1956 1187 2019 ideoque
1201 1958 1426 2007 voluntas
1435 1960 1614 2023 putris
1627 1960 1680 2008 in
1693 1976 1861 2009 eorum

477 2030 709 2090 favorem,
750 2031 844 2079 nisi
889 2032 1190 2080 consuetudo
1236 2033 1331 2081 alia
1374 2034 1452 2082 vel
1491 2035 1684 2098 signum
1728 2035 1861 2084 aliud

477 2106 693 2169 apertius
716 2114 971 2170 repugnet,
998 2107 1369 2170 interpretanda
1392 2116 1479 2157 est.

549 2183 622 2235 17.
659 2181 902 2229 Filiorum
925 2188 1105 2240 autem,
1131 2182 1244 2244 quia
1281 2185 1491 2247 aequales
1519 2193 1647 2245 sunt,
1671 2201 1762 2234 nec
1785 2184 1859 2233 di-

475 2257 576 2305 vidi
593 2257 850 2320 imperium
872 2263 1051 2319 potest,
1067 2257 1108 2304 is
1132 2259 1365 2306 suecedet
1383 2261 1466 2323 qui
1483 2261 1720 2308 maximus
1736 2268 1857 2308 natu

476 2339 563 2380 est.
633 2333 761 2380 Nam
789 2333 830 2379 si
854 2332 1127 2379 differentia
1151 2332 1215 2379 sit
1238 2333 1398 2396 aliqua
1420 2342 1620 2398 propter
1642 2342 1857 2395 aetatem,

474 2408 668 2470 dignior
691 2407 928 2454 maximus
951 2413 1045 2454 est:
1070 2423 1185 2454 nam
1207 2414 1383 2456 natura
1400 2409 1564 2472 judice
1580 2409 1718 2457 annis
1740 2426 1856 2473 pro-

473 2483 672 2541 vectior,
698 2483 811 2545 quia
841 2483 962 2529 solet
999 2498 1117 2541 esse,
1142 2482 1430 2544 prudentior
1453 2491 1540 2532 est.
1607 2484 1745 2532 Alius
1769 2501 1856 2533 au-

472 2566 573 2606 tem
591 2558 743 2621 judex
781 2557 885 2604 dari
907 2573 1007 2604 non
1029 2564 1206 2619 potest.
1278 2558 1329 2605 Si
1351 2575 1465 2606 vero
1487 2559 1662 2607 fratres
1685 2576 1854 2609 omnes

472 2650 561 2697 pro
587 2632 852 2695 aequalibus
888 2632 1098 2679 habendi
1138 2632 1249 2691 sint,
1285 2640 1422 2681 sorte
1459 2634 1544 2681 fiet
1579 2650 1852 2683 successor.

472 2710 559 2755 Est
582 2715 746 2755 autem
771 2723 874 2755 sors
897 2707 1148 2766 naturalis,
1175 2708 1582 2773 primogenitura
1602 2728 1621 2764 ;
1657 2726 1715 2758 ea
1736 2727 1855 2758 vero

467 2785 570 2845 jam
592 2783 852 2846 praefertur
869 2789 990 2830 natu
1013 2783 1281 2838 maximus3
1316 2798 1472 2846 neque
1490 2791 1565 2832 est
1589 2785 1672 2848 qui
1689 2794 1855 2849 potes-o

471 2866 623 2913 tatem
647 2859 825 2906 habeat
861 2857 1127 2920 judicandi,
1151 2864 1317 2906 utrum
1340 2874 1413 2918 ec,
1441 2875 1503 2908 an
1540 2860 1634 2908 alio
1674 2876 1855 2924 genere
