<?xml version="1.0" encoding="UTF-8"?>
<!DOCTYPE html PUBLIC "-//W3C//DTD XHTML 1.0 Transitional//EN"
    "http://www.w3.org/TR/xhtml1/DTD/xhtml1-transitional.dtd">
<html xmlns="http://www.w3.org/1999/xhtml" xml:lang="en" lang="en">
 <head>
  <title>
</title>
<meta http-equiv="Content-Type" content="text/html;charset=utf-8" />
  <meta name='ocr-system' content='tesseract 3.04.00' />
  <meta name='ocr-capabilities' content='ocr_page ocr_carea ocr_par ocr_line ocrx_word'/>
</head>
<body>
  <div class='ocr_page' id='page_1' title='image "./operaphilosophic02hobbuoft_0346.png"; bbox 0 0 2020 3262; ppageno 0'>
   <div class='ocr_carea' id='block_1_1' title="bbox 495 238 1301 286">
    <p class='ocr_par' dir='ltr' id='par_1_1' title="bbox 495 238 1301 286">
     <span class='ocr_line' id='line_1_1' title="bbox 495 238 1301 286; baseline 0.007 -6"><span class='ocrx_word' id='word_1_1' title='bbox 495 238 589 280; x_wconf 84' lang='lat'>332</span> <span class='ocrx_word' id='word_1_2' title='bbox 1057 250 1301 286; x_wconf 74' lang='lat' dir='ltr'><strong>RELIGIO.</strong></span> 
     </span>
    </p>
   </div>
   <div class='ocr_carea' id='block_1_2' title="bbox 202 360 1872 2912">
    <p class='ocr_par' dir='ltr' id='par_1_2' title="bbox 233 360 1872 1405">
     <span class='ocr_line' id='line_1_2' title="bbox 233 360 1872 426; baseline 0.003 -19"><span class='ocrx_word' id='word_1_3' title='bbox 233 381 360 414; x_wconf 74' lang='lat' dir='ltr'>SECT,</span> <span class='ocrx_word' id='word_1_4' title='bbox 382 382 450 414; x_wconf 80' lang='lat'>111,</span> <span class='ocrx_word' id='word_1_5' title='bbox 493 376 601 423; x_wconf 87' lang='lat' dir='ltr'>quae</span> <span class='ocrx_word' id='word_1_6' title='bbox 623 360 864 409; x_wconf 90' lang='lat' dir='ltr'>mandatis</span> <span class='ocrx_word' id='word_1_7' title='bbox 888 361 981 409; x_wconf 89' lang='lat' dir='ltr'>Dei</span> <span class='ocrx_word' id='word_1_8' title='bbox 1004 378 1103 410; x_wconf 90' lang='lat' dir='ltr'>non</span> <span class='ocrx_word' id='word_1_9' title='bbox 1126 369 1434 426; x_wconf 81' lang='lat' dir='ltr'>repugnant3</span> <span class='ocrx_word' id='word_1_10' title='bbox 1470 363 1521 410; x_wconf 92' lang='lat' dir='ltr'>in</span> <span class='ocrx_word' id='word_1_11' title='bbox 1545 363 1872 412; x_wconf 87' lang='lat' dir='ltr'>antecedenti-</span> 
     </span>
     <span class='ocr_line' id='line_1_3' title="bbox 318 434 1870 501; baseline 0.004 -19"><span class='ocrx_word' id='word_1_12' title='bbox 318 434 366 463; x_wconf 74' lang='lat'>15·</span> <span class='ocrx_word' id='word_1_13' title='bbox 490 435 581 483; x_wconf 92' lang='lat' dir='ltr'>bus</span> <span class='ocrx_word' id='word_1_14' title='bbox 605 443 653 484; x_wconf 91' lang='lat' dir='ltr'>et</span> <span class='ocrx_word' id='word_1_15' title='bbox 675 437 862 484; x_wconf 90' lang='lat' dir='ltr'>ratione</span> <span class='ocrx_word' id='word_1_16' title='bbox 881 445 930 485; x_wconf 90' lang='lat' dir='ltr'>et</span> <span class='ocrx_word' id='word_1_17' title='bbox 954 438 1115 485; x_wconf 84' lang='lat' dir='ltr'>Sacrae</span> <span class='ocrx_word' id='word_1_18' title='bbox 1141 438 1403 501; x_wconf 86' lang='lat' dir='ltr'>Scripturae</span> <span class='ocrx_word' id='word_1_19' title='bbox 1422 439 1712 487; x_wconf 82' lang='lat' dir='ltr'>testimoniis</span> <span class='ocrx_word' id='word_1_20' title='bbox 1736 456 1870 488; x_wconf 89' lang='lat' dir='ltr'>com-</span> 
     </span>
     <span class='ocr_line' id='line_1_4' title="bbox 489 512 1871 576; baseline 0.003 -18"><span class='ocrx_word' id='word_1_21' title='bbox 489 512 751 575; x_wconf 89' lang='lat' dir='ltr'>probatum</span> <span class='ocrx_word' id='word_1_22' title='bbox 796 519 881 559; x_wconf 91' lang='lat' dir='ltr'>est.</span> <span class='ocrx_word' id='word_1_23' title='bbox 953 512 1102 560; x_wconf 82' lang='lat' dir='ltr'><strong>Deest</strong></span> <span class='ocrx_word' id='word_1_24' title='bbox 1143 513 1207 560; x_wconf 88' lang='lat' dir='ltr'>ad</span> <span class='ocrx_word' id='word_1_25' title='bbox 1252 513 1494 576; x_wconf 87' lang='lat' dir='ltr'>integram</span> <span class='ocrx_word' id='word_1_26' title='bbox 1534 514 1687 562; x_wconf 88' lang='lat' dir='ltr'>civilis</span> <span class='ocrx_word' id='word_1_27' title='bbox 1725 515 1871 562; x_wconf 89' lang='lat' dir='ltr'>officii</span> 
     </span>
     <span class='ocr_line' id='line_1_5' title="bbox 491 587 1868 652; baseline 0.001 -17"><span class='ocrx_word' id='word_1_28' title='bbox 491 587 819 651; x_wconf 84' lang='lat' dir='ltr'>cognitionem</span> <span class='ocrx_word' id='word_1_29' title='bbox 842 588 936 635; x_wconf 91' lang='lat' dir='ltr'>hoc</span> <span class='ocrx_word' id='word_1_30' title='bbox 958 588 1171 646; x_wconf 88' lang='lat' dir='ltr'>unicum,</span> <span class='ocrx_word' id='word_1_31' title='bbox 1190 596 1247 635; x_wconf 91' lang='lat' dir='ltr'>ut</span> <span class='ocrx_word' id='word_1_32' title='bbox 1268 589 1475 635; x_wconf 90' lang='lat' dir='ltr'>sciamus</span> <span class='ocrx_word' id='word_1_33' title='bbox 1497 605 1605 651; x_wconf 89' lang='lat' dir='ltr'>quae</span> <span class='ocrx_word' id='word_1_34' title='bbox 1624 589 1721 636; x_wconf 94' lang='lat' dir='ltr'>sint</span> <span class='ocrx_word' id='word_1_35' title='bbox 1736 589 1868 652; x_wconf 88' lang='lat' dir='ltr'>leges</span> 
     </span>
     <span class='ocr_line' id='line_1_6' title="bbox 490 663 1866 728; baseline 0.002 -18"><span class='ocrx_word' id='word_1_36' title='bbox 490 663 589 711; x_wconf 87' lang='lat' dir='ltr'>sive</span> <span class='ocrx_word' id='word_1_37' title='bbox 624 663 855 710; x_wconf 88' lang='lat' dir='ltr'>mandata</span> <span class='ocrx_word' id='word_1_38' title='bbox 886 663 992 710; x_wconf 86' lang='lat' dir='ltr'>Dei.</span> <span class='ocrx_word' id='word_1_39' title='bbox 1061 664 1218 711; x_wconf 82' lang='lat' dir='ltr'>Aliter</span> <span class='ocrx_word' id='word_1_40' title='bbox 1254 663 1382 712; x_wconf 90' lang='lat' dir='ltr'>enim</span> <span class='ocrx_word' id='word_1_41' title='bbox 1419 664 1531 711; x_wconf 89' lang='lat' dir='ltr'>sciri</span> <span class='ocrx_word' id='word_1_42' title='bbox 1561 680 1661 712; x_wconf 93' lang='lat' dir='ltr'>non</span> <span class='ocrx_word' id='word_1_43' title='bbox 1691 671 1866 728; x_wconf 88' lang='lat' dir='ltr'>potest,</span> 
     </span>
     <span class='ocr_line' id='line_1_7' title="bbox 488 739 1869 803; baseline 0.001 -17"><span class='ocrx_word' id='word_1_44' title='bbox 488 746 653 786; x_wconf 89' lang='lat' dir='ltr'>utrum</span> <span class='ocrx_word' id='word_1_45' title='bbox 681 755 753 797; x_wconf 88' lang='lat' dir='ltr'>ea,</span> <span class='ocrx_word' id='word_1_46' title='bbox 778 755 886 801; x_wconf 82' lang='lat' dir='ltr'>quae</span> <span class='ocrx_word' id='word_1_47' title='bbox 906 739 1135 801; x_wconf 86' lang='lat' dir='ltr'>jubemur</span> <span class='ocrx_word' id='word_1_48' title='bbox 1162 739 1324 786; x_wconf 87' lang='lat' dir='ltr'>facere</span> <span class='ocrx_word' id='word_1_49' title='bbox 1352 740 1643 787; x_wconf 88' lang='lat' dir='ltr'>auctoritate</span> <span class='ocrx_word' id='word_1_50' title='bbox 1677 739 1869 803; x_wconf 88' lang='lat' dir='ltr'>imperii</span> 
     </span>
     <span class='ocr_line' id='line_1_8' title="bbox 489 813 1869 877; baseline 0 -15"><span class='ocrx_word' id='word_1_51' title='bbox 489 814 657 873; x_wconf 91' lang='lat' dir='ltr'>civilis,</span> <span class='ocrx_word' id='word_1_52' title='bbox 683 814 779 861; x_wconf 89' lang='lat' dir='ltr'>sint</span> <span class='ocrx_word' id='word_1_53' title='bbox 805 822 975 862; x_wconf 91' lang='lat' dir='ltr'>contra</span> <span class='ocrx_word' id='word_1_54' title='bbox 1000 815 1132 877; x_wconf 90' lang='lat' dir='ltr'>leges</span> <span class='ocrx_word' id='word_1_55' title='bbox 1155 813 1261 872; x_wconf 90' lang='lat' dir='ltr'>Dei,</span> <span class='ocrx_word' id='word_1_56' title='bbox 1286 829 1456 861; x_wconf 91' lang='lat' dir='ltr'>necne.</span> <span class='ocrx_word' id='word_1_57' title='bbox 1525 814 1599 861; x_wconf 85' lang='lat' dir='ltr'>Ex</span> <span class='ocrx_word' id='word_1_58' title='bbox 1627 830 1723 877; x_wconf 90' lang='lat' dir='ltr'>quo</span> <span class='ocrx_word' id='word_1_59' title='bbox 1755 830 1869 862; x_wconf 91' lang='lat' dir='ltr'>con-</span> 
     </span>
     <span class='ocr_line' id='line_1_9' title="bbox 487 889 1870 954; baseline 0.001 -18"><span class='ocrx_word' id='word_1_60' title='bbox 487 889 675 952; x_wconf 85' lang='lat' dir='ltr'>tingere</span> <span class='ocrx_word' id='word_1_61' title='bbox 709 905 904 936; x_wconf 89' lang='lat' dir='ltr'>necesse</span> <span class='ocrx_word' id='word_1_62' title='bbox 940 896 1027 948; x_wconf 91' lang='lat' dir='ltr'>est,</span> <span class='ocrx_word' id='word_1_63' title='bbox 1062 896 1119 937; x_wconf 92' lang='lat' dir='ltr'>ut</span> <span class='ocrx_word' id='word_1_64' title='bbox 1140 890 1233 948; x_wconf 88' lang='lat' dir='ltr'>vel,</span> <span class='ocrx_word' id='word_1_65' title='bbox 1258 889 1409 937; x_wconf 89' lang='lat' dir='ltr'>nimia</span> <span class='ocrx_word' id='word_1_66' title='bbox 1441 889 1719 937; x_wconf 85' lang='lat' dir='ltr'>obedientia</span> <span class='ocrx_word' id='word_1_67' title='bbox 1753 906 1870 954; x_wconf 88' lang='lat' dir='ltr'>erga</span> 
     </span>
     <span class='ocr_line' id='line_1_10' title="bbox 486 965 1866 1029; baseline 0.001 -18"><span class='ocrx_word' id='word_1_68' title='bbox 486 965 747 1023; x_wconf 85' lang='lat' dir='ltr'>civitatem,</span> <span class='ocrx_word' id='word_1_69' title='bbox 768 973 1080 1012; x_wconf 90' lang='lat' dir='ltr'>contumaces</span> <span class='ocrx_word' id='word_1_70' title='bbox 1104 965 1252 1013; x_wconf 88' lang='lat' dir='ltr'>simus</span> <span class='ocrx_word' id='word_1_71' title='bbox 1277 982 1394 1029; x_wconf 90' lang='lat' dir='ltr'>erga</span> <span class='ocrx_word' id='word_1_72' title='bbox 1415 966 1721 1028; x_wconf 88' lang='lat' dir='ltr'>majestatem</span> <span class='ocrx_word' id='word_1_73' title='bbox 1744 965 1866 1013; x_wconf 88' lang='lat' dir='ltr'>divi-</span> 
     </span>
     <span class='ocr_line' id='line_1_11' title="bbox 484 1040 1867 1103; baseline 0.001 -16"><span class='ocrx_word' id='word_1_74' title='bbox 484 1056 625 1094; x_wconf 89' lang='lat' dir='ltr'>nam;</span> <span class='ocrx_word' id='word_1_75' title='bbox 660 1040 752 1098; x_wconf 88' lang='lat' dir='ltr'>vel,</span> <span class='ocrx_word' id='word_1_76' title='bbox 776 1047 911 1087; x_wconf 90' lang='lat' dir='ltr'>metu</span> <span class='ocrx_word' id='word_1_77' title='bbox 943 1041 1180 1103; x_wconf 90' lang='lat' dir='ltr'>peccandi</span> <span class='ocrx_word' id='word_1_78' title='bbox 1203 1041 1254 1088; x_wconf 93' lang='lat' dir='ltr'>in</span> <span class='ocrx_word' id='word_1_79' title='bbox 1287 1041 1464 1100; x_wconf 90' lang='lat' dir='ltr'>Deum,</span> <span class='ocrx_word' id='word_1_80' title='bbox 1488 1041 1791 1089; x_wconf 84' lang='lat' dir='ltr'>incurramus</span> <span class='ocrx_word' id='word_1_81' title='bbox 1814 1041 1867 1089; x_wconf 93' lang='lat' dir='ltr'>in</span> 
     </span>
     <span class='ocr_line' id='line_1_12' title="bbox 485 1115 1866 1179; baseline 0.002 -18"><span class='ocrx_word' id='word_1_82' title='bbox 485 1115 841 1162; x_wconf 85' lang='lat' dir='ltr'>contumaciam</span> <span class='ocrx_word' id='word_1_83' title='bbox 873 1120 995 1179; x_wconf 74' lang='lat' dir='ltr'>erga&#39;</span> <span class='ocrx_word' id='word_1_84' title='bbox 1024 1116 1285 1164; x_wconf 85' lang='lat' dir='ltr'>civitatem.</span> <span class='ocrx_word' id='word_1_85' title='bbox 1357 1116 1426 1164; x_wconf 94' lang='lat' dir='ltr'>Ut</span> <span class='ocrx_word' id='word_1_86' title='bbox 1449 1123 1712 1179; x_wconf 87' lang='lat' dir='ltr'>utrumque</span> <span class='ocrx_word' id='word_1_87' title='bbox 1736 1116 1866 1164; x_wconf 91' lang='lat' dir='ltr'>hunc</span> 
     </span>
     <span class='ocr_line' id='line_1_13' title="bbox 485 1189 1864 1254; baseline 0.001 -17"><span class='ocrx_word' id='word_1_88' title='bbox 485 1189 738 1252; x_wconf 89' lang='lat' dir='ltr'>scopulum</span> <span class='ocrx_word' id='word_1_89' title='bbox 755 1190 1056 1252; x_wconf 86' lang='lat' dir='ltr'>effugiamus,</span> <span class='ocrx_word' id='word_1_90' title='bbox 1072 1191 1343 1238; x_wconf 87' lang='lat' dir='ltr'>necessaria</span> <span class='ocrx_word' id='word_1_91' title='bbox 1365 1198 1438 1238; x_wconf 90' lang='lat' dir='ltr'>est</span> <span class='ocrx_word' id='word_1_92' title='bbox 1462 1191 1676 1254; x_wconf 83' lang='lat' dir='ltr'>cognitio</span> <span class='ocrx_word' id='word_1_93' title='bbox 1699 1192 1864 1254; x_wconf 88' lang='lat' dir='ltr'>legum</span> 
     </span>
     <span class='ocr_line' id='line_1_14' title="bbox 485 1265 1864 1330; baseline 0.002 -19"><span class='ocrx_word' id='word_1_94' title='bbox 485 1265 770 1312; x_wconf 87' lang='lat' dir='ltr'>divinarum.</span> <span class='ocrx_word' id='word_1_95' title='bbox 843 1265 1087 1319; x_wconf 84' lang='lat' dir='ltr'>Quoniam</span> <span class='ocrx_word' id='word_1_96' title='bbox 1109 1283 1224 1314; x_wconf 87' lang='lat' dir='ltr'>vero</span> <span class='ocrx_word' id='word_1_97' title='bbox 1248 1267 1412 1329; x_wconf 84' lang='lat' dir='ltr'>legum</span> <span class='ocrx_word' id='word_1_98' title='bbox 1437 1266 1652 1329; x_wconf 86' lang='lat' dir='ltr'>cognitio</span> <span class='ocrx_word' id='word_1_99' title='bbox 1685 1266 1864 1330; x_wconf 89' lang='lat' dir='ltr'>depen-</span> 
     </span>
     <span class='ocr_line' id='line_1_15' title="bbox 485 1339 1865 1405; baseline 0.003 -20"><span class='ocrx_word' id='word_1_100' title='bbox 485 1339 568 1386; x_wconf 91' lang='lat' dir='ltr'>det</span> <span class='ocrx_word' id='word_1_101' title='bbox 590 1356 620 1386; x_wconf 87' lang='lat' dir='ltr'>a</span> <span class='ocrx_word' id='word_1_102' title='bbox 644 1339 924 1402; x_wconf 89' lang='lat' dir='ltr'>cognitione</span> <span class='ocrx_word' id='word_1_103' title='bbox 954 1340 1108 1403; x_wconf 88' lang='lat' dir='ltr'>regni,</span> <span class='ocrx_word' id='word_1_104' title='bbox 1133 1341 1391 1389; x_wconf 91' lang='lat' dir='ltr'>dicendum</span> <span class='ocrx_word' id='word_1_105' title='bbox 1426 1348 1499 1389; x_wconf 89' lang='lat' dir='ltr'>est</span> <span class='ocrx_word' id='word_1_106' title='bbox 1533 1341 1585 1389; x_wconf 91' lang='lat' dir='ltr'>in</span> <span class='ocrx_word' id='word_1_107' title='bbox 1620 1341 1865 1405; x_wconf 90' lang='lat' dir='ltr'>sequenti-</span> 
     </span>
    </p>

    <p class='ocr_par' dir='ltr' id='par_1_3' title="bbox 202 1413 1865 2912">
     <span class='ocr_line' id='line_1_16' title="bbox 481 1413 980 1479; baseline 0 -17"><span class='ocrx_word' id='word_1_108' title='bbox 481 1413 573 1462; x_wconf 86' lang='lat' dir='ltr'>bus</span> <span class='ocrx_word' id='word_1_109' title='bbox 599 1414 659 1461; x_wconf 91' lang='lat' dir='ltr'>de</span> <span class='ocrx_word' id='word_1_110' title='bbox 683 1430 839 1479; x_wconf 79' lang='lat' dir='ltr'>regno</span> <span class='ocrx_word' id='word_1_111' title='bbox 863 1415 980 1462; x_wconf 78' lang='lat' dir='ltr'>Dei.</span> 
     </span>
     <span class='ocr_line' id='line_1_17' title="bbox 204 1489 1862 1558; baseline 0.002 -22"><span class='ocrx_word' id='word_1_112' title='bbox 204 1508 422 1558; x_wconf 64' lang='lat' dir='ltr'>131quosneus</span> <span class='ocrx_word' id='word_1_113' title='bbox 550 1496 596 1537; x_wconf 85' lang='lat'>2.</span> <span class='ocrx_word' id='word_1_114' title='bbox 633 1489 805 1537; x_wconf 87' lang='lat' dir='ltr'>Psalm.</span> <span class='ocrx_word' id='word_1_115' title='bbox 847 1491 972 1538; x_wconf 82' lang='lat' dir='ltr'>xcvi.</span> <span class='ocrx_word' id='word_1_116' title='bbox 1017 1497 1058 1549; x_wconf 90' lang='lat'>1,</span> <span class='ocrx_word' id='word_1_117' title='bbox 1107 1490 1348 1538; x_wconf 74' lang='lat' dir='ltr'>Dominus</span> <span class='ocrx_word' id='word_1_118' title='bbox 1382 1491 1631 1557; x_wconf 75' lang='lat' dir='ltr'>regnavit,</span> <span class='ocrx_word' id='word_1_119' title='bbox 1672 1492 1862 1541; x_wconf 63' lang='lat' dir='ltr'>multet</span> 
     </span>
     <span class='ocr_line' id='line_1_18' title="bbox 202 1552 1862 1628; baseline 0.002 -16"><span class='ocrx_word' id='word_1_120' title='bbox 202 1552 317 1581; x_wconf 49' lang='lat' dir='ltr'>‘matu‘</span> <span class='ocrx_word' id='word_1_121' title='bbox 337 1562 464 1590; x_wconf 55' lang='lat' dir='ltr'>regnare·</span> <span class='ocrx_word' id='word_1_122' title='bbox 485 1572 643 1624; x_wconf 76' lang='lat' dir='ltr'>terra,</span> <span class='ocrx_word' id='word_1_123' title='bbox 669 1565 787 1612; x_wconf 90' lang='lat' dir='ltr'>dicit</span> <span class='ocrx_word' id='word_1_124' title='bbox 810 1566 1076 1613; x_wconf 87' lang='lat' dir='ltr'>Psalmista.</span> <span class='ocrx_word' id='word_1_125' title='bbox 1145 1566 1209 1613; x_wconf 92' lang='lat' dir='ltr'>Et</span> <span class='ocrx_word' id='word_1_126' title='bbox 1242 1581 1408 1614; x_wconf 90' lang='lat' dir='ltr'>rursus</span> <span class='ocrx_word' id='word_1_127' title='bbox 1441 1567 1572 1615; x_wconf 91' lang='lat' dir='ltr'>idem</span> <span class='ocrx_word' id='word_1_128' title='bbox 1594 1567 1862 1628; x_wconf 89' lang='lat' dir='ltr'>Psalmista,</span> 
     </span>
     <span class='ocr_line' id='line_1_19' title="bbox 487 1641 1863 1708; baseline 0.002 -20"><span class='ocrx_word' id='word_1_129' title='bbox 487 1641 683 1702; x_wconf 89' lang='lat' dir='ltr'>(Psalm.</span> <span class='ocrx_word' id='word_1_130' title='bbox 699 1641 859 1689; x_wconf 85' lang='lat' dir='ltr'>xcviii.</span> <span class='ocrx_word' id='word_1_131' title='bbox 882 1641 927 1703; x_wconf 93' lang='lat' dir='ltr'>l)</span> <span class='ocrx_word' id='word_1_132' title='bbox 947 1641 1189 1688; x_wconf 76' lang='lat' dir='ltr'>Dominus</span> <span class='ocrx_word' id='word_1_133' title='bbox 1204 1642 1454 1706; x_wconf 73' lang='lat' dir='ltr'>regnavit,</span> <span class='ocrx_word' id='word_1_134' title='bbox 1471 1643 1759 1691; x_wconf 71' lang='lat' dir='ltr'>irascantur</span> <span class='ocrx_word' id='word_1_135' title='bbox 1770 1661 1863 1708; x_wconf 82' lang='lat' dir='ltr'>po-</span> 
     </span>
     <span class='ocr_line' id='line_1_20' title="bbox 476 1715 1860 1781; baseline 0.004 -19"><span class='ocrx_word' id='word_1_136' title='bbox 476 1715 591 1779; x_wconf 74' lang='lat' dir='ltr'>puli</span> <span class='ocrx_word' id='word_1_137' title='bbox 610 1735 627 1770; x_wconf 92' lang='lat'><em>;</em></span> <span class='ocrx_word' id='word_1_138' title='bbox 664 1716 750 1780; x_wconf 80' lang='lat' dir='ltr'>qui</span> <span class='ocrx_word' id='word_1_139' title='bbox 784 1716 925 1764; x_wconf 73' lang='lat' dir='ltr'>sedet</span> <span class='ocrx_word' id='word_1_140' title='bbox 957 1733 1110 1781; x_wconf 76' lang='lat' dir='ltr'>super</span> <span class='ocrx_word' id='word_1_141' title='bbox 1145 1716 1395 1776; x_wconf 78' lang='lat' dir='ltr'>cherubin,</span> <span class='ocrx_word' id='word_1_142' title='bbox 1419 1723 1670 1765; x_wconf 77' lang='lat' dir='ltr'>moveatur</span> <span class='ocrx_word' id='word_1_143' title='bbox 1702 1724 1860 1779; x_wconf 77' lang='lat' dir='ltr'>terra.</span> 
     </span>
     <span class='ocr_line' id='line_1_21' title="bbox 484 1791 1864 1851; baseline 0.003 -13"><span class='ocrx_word' id='word_1_144' title='bbox 484 1791 681 1839; x_wconf 87' lang='lat' dir='ltr'>Scilicet</span> <span class='ocrx_word' id='word_1_145' title='bbox 715 1791 869 1840; x_wconf 91' lang='lat' dir='ltr'>velint</span> <span class='ocrx_word' id='word_1_146' title='bbox 898 1792 1057 1840; x_wconf 89' lang='lat' dir='ltr'>nolint</span> <span class='ocrx_word' id='word_1_147' title='bbox 1089 1793 1326 1851; x_wconf 88' lang='lat' dir='ltr'>homines,</span> <span class='ocrx_word' id='word_1_148' title='bbox 1358 1794 1490 1842; x_wconf 90' lang='lat' dir='ltr'>Deus</span> <span class='ocrx_word' id='word_1_149' title='bbox 1526 1801 1602 1841; x_wconf 90' lang='lat' dir='ltr'>est</span> <span class='ocrx_word' id='word_1_150' title='bbox 1635 1809 1724 1841; x_wconf 83' lang='lat' dir='ltr'>rex</span> <span class='ocrx_word' id='word_1_151' title='bbox 1754 1794 1864 1843; x_wconf 92' lang='lat' dir='ltr'>uni-</span> 
     </span>
     <span class='ocr_line' id='line_1_22' title="bbox 481 1868 1865 1932; baseline 0.002 -18"><span class='ocrx_word' id='word_1_152' title='bbox 481 1882 640 1915; x_wconf 82' lang='lat' dir='ltr'>versae</span> <span class='ocrx_word' id='word_1_153' title='bbox 663 1873 837 1923; x_wconf 81' lang='lat' dir='ltr'>terrae3</span> <span class='ocrx_word' id='word_1_154' title='bbox 873 1883 1032 1931; x_wconf 92' lang='lat' dir='ltr'>neque</span> <span class='ocrx_word' id='word_1_155' title='bbox 1052 1868 1091 1915; x_wconf 89' lang='lat' dir='ltr'>si</span> <span class='ocrx_word' id='word_1_156' title='bbox 1111 1868 1208 1915; x_wconf 89' lang='lat' dir='ltr'>sint</span> <span class='ocrx_word' id='word_1_157' title='bbox 1231 1868 1315 1931; x_wconf 94' lang='lat' dir='ltr'>qui</span> <span class='ocrx_word' id='word_1_158' title='bbox 1332 1868 1649 1916; x_wconf 73' lang='lat' dir='ltr'>existentiam</span> <span class='ocrx_word' id='word_1_159' title='bbox 1667 1870 1770 1932; x_wconf 89' lang='lat' dir='ltr'>ejus</span> <span class='ocrx_word' id='word_1_160' title='bbox 1785 1870 1865 1918; x_wconf 88' lang='lat' dir='ltr'>vel</span> 
     </span>
     <span class='ocr_line' id='line_1_23' title="bbox 470 1943 1862 2007; baseline 0.001 -17"><span class='ocrx_word' id='word_1_161' title='bbox 470 1943 847 2007; x_wconf 78' lang='lat' dir='ltr'>providentiam</span> <span class='ocrx_word' id='word_1_162' title='bbox 877 1943 1180 2007; x_wconf 83' lang='lat' dir='ltr'>negaverint,</span> <span class='ocrx_word' id='word_1_163' title='bbox 1205 1943 1314 1991; x_wconf 90' lang='lat' dir='ltr'>ideo</span> <span class='ocrx_word' id='word_1_164' title='bbox 1346 1944 1466 1993; x_wconf 92' lang='lat' dir='ltr'>solio</span> <span class='ocrx_word' id='word_1_165' title='bbox 1491 1960 1578 1992; x_wconf 89' lang='lat' dir='ltr'>suo</span> <span class='ocrx_word' id='word_1_166' title='bbox 1601 1944 1862 1992; x_wconf 78' lang='lat' dir='ltr'>excutitur.</span> 
     </span>
     <span class='ocr_line' id='line_1_24' title="bbox 483 2019 1863 2084; baseline 0 -16"><span class='ocrx_word' id='word_1_167' title='bbox 483 2019 791 2082; x_wconf 75' lang='lat' dir='ltr'>Quamquam</span> <span class='ocrx_word' id='word_1_168' title='bbox 816 2026 980 2067; x_wconf 87' lang='lat' dir='ltr'>autem</span> <span class='ocrx_word' id='word_1_169' title='bbox 1002 2020 1134 2068; x_wconf 92' lang='lat' dir='ltr'>Deus</span> <span class='ocrx_word' id='word_1_170' title='bbox 1167 2020 1389 2068; x_wconf 91' lang='lat' dir='ltr'>homines</span> <span class='ocrx_word' id='word_1_171' title='bbox 1411 2021 1660 2068; x_wconf 87' lang='lat' dir='ltr'>universos</span> <span class='ocrx_word' id='word_1_172' title='bbox 1683 2020 1753 2068; x_wconf 90' lang='lat' dir='ltr'>ita</span> <span class='ocrx_word' id='word_1_173' title='bbox 1774 2036 1863 2084; x_wconf 92' lang='lat' dir='ltr'>per</span> 
     </span>
     <span class='ocr_line' id='line_1_25' title="bbox 479 2094 1861 2159; baseline 0.001 -18"><span class='ocrx_word' id='word_1_174' title='bbox 479 2095 751 2157; x_wconf 85' lang='lat' dir='ltr'>potentiam</span> <span class='ocrx_word' id='word_1_175' title='bbox 774 2101 928 2157; x_wconf 87' lang='lat' dir='ltr'>regat,</span> <span class='ocrx_word' id='word_1_176' title='bbox 952 2103 1010 2143; x_wconf 93' lang='lat' dir='ltr'>ut</span> <span class='ocrx_word' id='word_1_177' title='bbox 1042 2111 1187 2143; x_wconf 92' lang='lat' dir='ltr'>nemo</span> <span class='ocrx_word' id='word_1_178' title='bbox 1221 2095 1374 2158; x_wconf 84' lang='lat' dir='ltr'>possit</span> <span class='ocrx_word' id='word_1_179' title='bbox 1404 2095 1668 2159; x_wconf 89' lang='lat' dir='ltr'>quidquam</span> <span class='ocrx_word' id='word_1_180' title='bbox 1700 2094 1861 2143; x_wconf 89' lang='lat' dir='ltr'>facere</span> 
     </span>
     <span class='ocr_line' id='line_1_26' title="bbox 482 2169 1861 2234; baseline -0.001 -17"><span class='ocrx_word' id='word_1_181' title='bbox 482 2170 612 2233; x_wconf 92' lang='lat' dir='ltr'>quod</span> <span class='ocrx_word' id='word_1_182' title='bbox 633 2170 714 2218; x_wconf 92' lang='lat' dir='ltr'>ille</span> <span class='ocrx_word' id='word_1_183' title='bbox 736 2170 922 2218; x_wconf 87' lang='lat' dir='ltr'>factum</span> <span class='ocrx_word' id='word_1_184' title='bbox 944 2171 1081 2230; x_wconf 85' lang='lat' dir='ltr'>nolit,</span> <span class='ocrx_word' id='word_1_185' title='bbox 1106 2187 1206 2219; x_wconf 96' lang='lat' dir='ltr'>non</span> <span class='ocrx_word' id='word_1_186' title='bbox 1241 2178 1315 2219; x_wconf 92' lang='lat' dir='ltr'>est</span> <span class='ocrx_word' id='word_1_187' title='bbox 1348 2179 1513 2219; x_wconf 89' lang='lat' dir='ltr'>tamen</span> <span class='ocrx_word' id='word_1_188' title='bbox 1533 2172 1642 2230; x_wconf 91' lang='lat' dir='ltr'>hoc,</span> <span class='ocrx_word' id='word_1_189' title='bbox 1665 2169 1861 2234; x_wconf 91' lang='lat' dir='ltr'>proprie</span> 
     </span>
     <span class='ocr_line' id='line_1_27' title="bbox 481 2244 1859 2311; baseline -0.001 -18"><span class='ocrx_word' id='word_1_190' title='bbox 481 2253 531 2293; x_wconf 89' lang='lat' dir='ltr'>et</span> <span class='ocrx_word' id='word_1_191' title='bbox 554 2253 779 2294; x_wconf 88' lang='lat' dir='ltr'>accurate</span> <span class='ocrx_word' id='word_1_192' title='bbox 801 2247 1062 2310; x_wconf 89' lang='lat' dir='ltr'>loquendo,</span> <span class='ocrx_word' id='word_1_193' title='bbox 1085 2263 1305 2311; x_wconf 88' lang='lat' dir='ltr'>regnare.</span> <span class='ocrx_word' id='word_1_194' title='bbox 1375 2247 1598 2310; x_wconf 85' lang='lat' dir='ltr'>Regnare</span> <span class='ocrx_word' id='word_1_195' title='bbox 1633 2246 1763 2293; x_wconf 90' lang='lat' dir='ltr'>enim</span> <span class='ocrx_word' id='word_1_196' title='bbox 1787 2244 1859 2292; x_wconf 93' lang='lat' dir='ltr'>di-</span> 
     </span>
     <span class='ocr_line' id='line_1_28' title="bbox 480 2320 1857 2386; baseline -0.001 -17"><span class='ocrx_word' id='word_1_197' title='bbox 480 2322 622 2381; x_wconf 90' lang='lat' dir='ltr'>citur,</span> <span class='ocrx_word' id='word_1_198' title='bbox 658 2338 758 2370; x_wconf 92' lang='lat' dir='ltr'>non</span> <span class='ocrx_word' id='word_1_199' title='bbox 794 2322 877 2386; x_wconf 91' lang='lat' dir='ltr'>qui</span> <span class='ocrx_word' id='word_1_200' title='bbox 911 2322 1125 2386; x_wconf 77' lang='lat' dir='ltr'>agendo,</span> <span class='ocrx_word' id='word_1_201' title='bbox 1158 2323 1245 2370; x_wconf 89' lang='lat' dir='ltr'>sed</span> <span class='ocrx_word' id='word_1_202' title='bbox 1275 2322 1359 2386; x_wconf 92' lang='lat' dir='ltr'>qui</span> <span class='ocrx_word' id='word_1_203' title='bbox 1389 2321 1647 2386; x_wconf 80' lang='lat' dir='ltr'>loquendo,</span> <span class='ocrx_word' id='word_1_204' title='bbox 1683 2320 1734 2368; x_wconf 88' lang='lat' dir='ltr'>id</span> <span class='ocrx_word' id='word_1_205' title='bbox 1769 2326 1857 2379; x_wconf 89' lang='lat' dir='ltr'>est,</span> 
     </span>
     <span class='ocr_line' id='line_1_29' title="bbox 468 2395 1856 2462; baseline -0.002 -17"><span class='ocrx_word' id='word_1_206' title='bbox 468 2398 751 2462; x_wconf 71' lang='lat' dir='ltr'>proeeeptis</span> <span class='ocrx_word' id='word_1_207' title='bbox 792 2407 843 2445; x_wconf 90' lang='lat' dir='ltr'>et</span> <span class='ocrx_word' id='word_1_208' title='bbox 882 2398 1027 2445; x_wconf 72' lang='lat' dir='ltr'>minis</span> <span class='ocrx_word' id='word_1_209' title='bbox 1063 2399 1206 2462; x_wconf 88' lang='lat' dir='ltr'>regit.</span> <span class='ocrx_word' id='word_1_210' title='bbox 1277 2399 1336 2446; x_wconf 93' lang='lat' dir='ltr'>In</span> <span class='ocrx_word' id='word_1_211' title='bbox 1371 2414 1521 2461; x_wconf 88' lang='lat' dir='ltr'>regno</span> <span class='ocrx_word' id='word_1_212' title='bbox 1560 2397 1710 2460; x_wconf 88' lang='lat' dir='ltr'>igitur</span> <span class='ocrx_word' id='word_1_213' title='bbox 1749 2395 1856 2454; x_wconf 91' lang='lat' dir='ltr'>Dei,</span> 
     </span>
     <span class='ocr_line' id='line_1_30' title="bbox 475 2472 1857 2537; baseline -0.001 -18"><span class='ocrx_word' id='word_1_214' title='bbox 475 2489 564 2536; x_wconf 90' lang='lat' dir='ltr'>pro</span> <span class='ocrx_word' id='word_1_215' title='bbox 597 2473 801 2520; x_wconf 88' lang='lat' dir='ltr'>subditis</span> <span class='ocrx_word' id='word_1_216' title='bbox 829 2473 1078 2533; x_wconf 89' lang='lat' dir='ltr'>habemus,</span> <span class='ocrx_word' id='word_1_217' title='bbox 1107 2490 1206 2522; x_wconf 91' lang='lat' dir='ltr'>non</span> <span class='ocrx_word' id='word_1_218' title='bbox 1230 2489 1437 2537; x_wconf 87' lang='lat' dir='ltr'>corpora</span> <span class='ocrx_word' id='word_1_219' title='bbox 1458 2472 1738 2530; x_wconf 84' lang='lat' dir='ltr'>inanimata,</span> <span class='ocrx_word' id='word_1_220' title='bbox 1771 2486 1857 2518; x_wconf 88' lang='lat' dir='ltr'>ne·-</span> 
     </span>
     <span class='ocr_line' id='line_1_31' title="bbox 476 2546 1855 2612; baseline -0.001 -17"><span class='ocrx_word' id='word_1_221' title='bbox 476 2564 571 2610; x_wconf 92' lang='lat' dir='ltr'>que</span> <span class='ocrx_word' id='word_1_222' title='bbox 594 2548 909 2607; x_wconf 82' lang='lat' dir='ltr'>irrationalia,</span> <span class='ocrx_word' id='word_1_223' title='bbox 930 2548 1047 2597; x_wconf 90' lang='lat' dir='ltr'>licet</span> <span class='ocrx_word' id='word_1_224' title='bbox 1068 2549 1300 2612; x_wconf 82' lang='lat' dir='ltr'>potentiae</span> <span class='ocrx_word' id='word_1_225' title='bbox 1320 2549 1495 2596; x_wconf 81' lang='lat' dir='ltr'>divinae</span> <span class='ocrx_word' id='word_1_226' title='bbox 1513 2546 1855 2610; x_wconf 80' lang='lat' dir='ltr'>subjiciantur3</span> 
     </span>
     <span class='ocr_line' id='line_1_32' title="bbox 476 2621 1856 2686; baseline -0.001 -17"><span class='ocrx_word' id='word_1_227' title='bbox 476 2622 590 2685; x_wconf 88' lang='lat' dir='ltr'>quia</span> <span class='ocrx_word' id='word_1_228' title='bbox 609 2629 878 2686; x_wconf 76' lang='lat' dir='ltr'>praecepta</span> <span class='ocrx_word' id='word_1_229' title='bbox 904 2630 953 2670; x_wconf 91' lang='lat' dir='ltr'>et</span> <span class='ocrx_word' id='word_1_230' title='bbox 982 2623 1140 2671; x_wconf 75' lang='lat' dir='ltr'>minas</span> <span class='ocrx_word' id='word_1_231' title='bbox 1170 2624 1263 2671; x_wconf 93' lang='lat' dir='ltr'>Dei</span> <span class='ocrx_word' id='word_1_232' title='bbox 1292 2640 1386 2670; x_wconf 82' lang='lat' dir='ltr'>non</span> <span class='ocrx_word' id='word_1_233' title='bbox 1416 2621 1735 2685; x_wconf 79' lang='lat' dir='ltr'>intelligunt:</span> <span class='ocrx_word' id='word_1_234' title='bbox 1770 2636 1856 2668; x_wconf 92' lang='lat' dir='ltr'>ne-</span> 
     </span>
     <span class='ocr_line' id='line_1_33' title="bbox 474 2696 1854 2761; baseline -0.001 -16"><span class='ocrx_word' id='word_1_235' title='bbox 474 2714 567 2760; x_wconf 92' lang='lat' dir='ltr'>que</span> <span class='ocrx_word' id='word_1_236' title='bbox 607 2698 753 2745; x_wconf 88' lang='lat' dir='ltr'>etiam</span> <span class='ocrx_word' id='word_1_237' title='bbox 785 2698 959 2745; x_wconf 72' lang='lat' dir='ltr'>atheos</span> <span class='ocrx_word' id='word_1_238' title='bbox 975 2717 994 2752; x_wconf 89' lang='lat'><em>;</em></span> <span class='ocrx_word' id='word_1_239' title='bbox 1030 2698 1142 2761; x_wconf 90' lang='lat' dir='ltr'>quia</span> <span class='ocrx_word' id='word_1_240' title='bbox 1164 2699 1323 2746; x_wconf 91' lang='lat' dir='ltr'>Deum</span> <span class='ocrx_word' id='word_1_241' title='bbox 1357 2713 1460 2745; x_wconf 89' lang='lat' dir='ltr'>esse</span> <span class='ocrx_word' id='word_1_242' title='bbox 1493 2713 1591 2744; x_wconf 88' lang='lat' dir='ltr'>non</span> <span class='ocrx_word' id='word_1_243' title='bbox 1617 2696 1854 2744; x_wconf 80' lang='lat' dir='ltr'>credunt:</span> 
     </span>
     <span class='ocr_line' id='line_1_34' title="bbox 472 2771 1856 2836; baseline -0.001 -17"><span class='ocrx_word' id='word_1_244' title='bbox 472 2789 630 2836; x_wconf 92' lang='lat' dir='ltr'>neque</span> <span class='ocrx_word' id='word_1_245' title='bbox 651 2789 749 2832; x_wconf 89' lang='lat' dir='ltr'>eos,</span> <span class='ocrx_word' id='word_1_246' title='bbox 775 2774 858 2836; x_wconf 92' lang='lat' dir='ltr'>qui</span> <span class='ocrx_word' id='word_1_247' title='bbox 880 2773 1039 2821; x_wconf 91' lang='lat' dir='ltr'>Deum</span> <span class='ocrx_word' id='word_1_248' title='bbox 1058 2790 1161 2821; x_wconf 90' lang='lat' dir='ltr'>esse</span> <span class='ocrx_word' id='word_1_249' title='bbox 1180 2773 1434 2821; x_wconf 89' lang='lat' dir='ltr'>credentes</span> <span class='ocrx_word' id='word_1_250' title='bbox 1459 2787 1570 2819; x_wconf 89' lang='lat' dir='ltr'>eum</span> <span class='ocrx_word' id='word_1_251' title='bbox 1593 2778 1758 2819; x_wconf 88' lang='lat' dir='ltr'>tamen</span> <span class='ocrx_word' id='word_1_252' title='bbox 1781 2771 1856 2819; x_wconf 91' lang='lat' dir='ltr'>in-</span> 
     </span>
     <span class='ocr_line' id='line_1_35' title="bbox 471 2847 1853 2912; baseline 0 -18"><span class='ocrx_word' id='word_1_253' title='bbox 471 2848 650 2896; x_wconf 88' lang='lat' dir='ltr'>feriora</span> <span class='ocrx_word' id='word_1_254' title='bbox 671 2849 777 2897; x_wconf 88' lang='lat' dir='ltr'>haec</span> <span class='ocrx_word' id='word_1_255' title='bbox 800 2865 970 2912; x_wconf 87' lang='lat' dir='ltr'>regere</span> <span class='ocrx_word' id='word_1_256' title='bbox 992 2865 1093 2896; x_wconf 92' lang='lat' dir='ltr'>non</span> <span class='ocrx_word' id='word_1_257' title='bbox 1112 2849 1345 2904; x_wconf 89' lang='lat' dir='ltr'>credunt;</span> <span class='ocrx_word' id='word_1_258' title='bbox 1379 2864 1493 2895; x_wconf 90' lang='lat' dir='ltr'>nam</span> <span class='ocrx_word' id='word_1_259' title='bbox 1517 2854 1567 2895; x_wconf 89' lang='lat' dir='ltr'>et</span> <span class='ocrx_word' id='word_1_260' title='bbox 1589 2847 1657 2906; x_wconf 91' lang='lat' dir='ltr'>hi,</span> <span class='ocrx_word' id='word_1_261' title='bbox 1683 2863 1853 2911; x_wconf 84' lang='lat' dir='ltr'>quam-</span> 
     </span>
    </p>
   </div>
   <div class='ocr_carea' id='block_1_3' title="bbox 472 2922 1853 2987">
    <p class='ocr_par' dir='ltr' id='par_1_4' title="bbox 472 2922 1853 2987">
     <span class='ocr_line' id='line_1_36' title="bbox 472 2922 1853 2987; baseline 0.001 -18"><span class='ocrx_word' id='word_1_262' title='bbox 472 2939 617 2986; x_wconf 88' lang='lat' dir='ltr'>quam</span> <span class='ocrx_word' id='word_1_263' title='bbox 640 2931 872 2986; x_wconf 86' lang='lat' dir='ltr'>regantur</span> <span class='ocrx_word' id='word_1_264' title='bbox 896 2941 925 2971; x_wconf 88' lang='lat' dir='ltr'>a</span> <span class='ocrx_word' id='word_1_265' title='bbox 946 2924 1166 2986; x_wconf 87' lang='lat' dir='ltr'>potentia</span> <span class='ocrx_word' id='word_1_266' title='bbox 1189 2924 1295 2982; x_wconf 89' lang='lat' dir='ltr'>Dei,</span> <span class='ocrx_word' id='word_1_267' title='bbox 1310 2929 1573 2987; x_wconf 69' lang='lat' dir='ltr'>praecepta</span> <span class='ocrx_word' id='word_1_268' title='bbox 1593 2923 1696 2987; x_wconf 91' lang='lat' dir='ltr'>ejus</span> <span class='ocrx_word' id='word_1_269' title='bbox 1719 2922 1853 2973; x_wconf 84' lang='lat' dir='ltr'>nulla</span> 
     </span>
    </p>
   </div>
  </div>
 </body>
</html>
