1994 3256
551 247 622 280 DE
648 246 819 280 LINEA
844 245 1088 290 VISUAm,
1110 246 1226 280 ETc.
1551 235 1581 287 7

727 549 941 596 CAPUT
982 549 1047 596 II.

247 673 317 707 DE
344 671 516 706 LINEA
542 671 791 716 VISUAH,
818 672 885 705 ET
910 671 1297 705 PERCEP'PIONE
1324 671 1531 706 MOTUS.

194 760 229 796 1.
255 757 597 796 mundantia-2.
625 756 746 795 Linea
764 758 917 796 visualis
936 770 1112 808 quaenam
1130 758 1189 803 sit,
1209 762 1248 795 et
1274 770 1361 807 quae
1380 758 1468 795 inde
1488 771 1580 795 con-

242 824 455 871 sequuntur
481 818 601 856 oculis
628 819 953 870 vulgaribus—3.
980 819 1087 857 Visio
1118 819 1168 856 ab
1199 819 1407 869 exiguitate
1439 819 1580 870 objecti

242 879 504 919 confusa—4.
534 879 700 918 Visionis
720 879 894 918 confusio
908 893 932 918 a
944 880 1035 918 vitio
1049 880 1348 919 oculorum—5.
1378 881 1580 923 Quomodo

242 943 281 980 in
301 942 444 980 visione
464 941 615 992 objecta
633 941 807 992 longiora
825 942 1004 980 videntur
1021 954 1136 992 quam
1156 945 1347 981 sunt.—6.
1377 942 1581 985 Quomodo

239 1004 280 1041 in
298 1003 443 1042 visione
461 1004 663 1041 videantur
680 1004 826 1041 moveri
845 1017 932 1054 quae
947 1016 1023 1042 non
1038 1009 1249 1049 moventur,
1264 1009 1421 1054 propter
1434 1010 1581 1043 motum

239 1064 505 1106 videntis—7.
533 1065 737 1107 Quomodo
766 1065 805 1102 in
832 1066 977 1103 visione
1005 1065 1150 1103 moveri
1177 1065 1355 1103 videntur
1385 1078 1472 1116 quae
1503 1079 1579 1104 non

239 1131 453 1171 moventur,
478 1131 635 1176 propter
659 1127 905 1176 agitationem
932 1127 1099 1177 partium
1123 1126 1283 1171 cerebri,
1311 1127 1418 1167 nervi
1449 1128 1579 1178 optici,

240 1193 280 1226 et
297 1188 443 1227 retinae.

185 1250 345 1308 VISIO
372 1258 617 1307 distincta
640 1266 691 1307 et
697 1260 943 1324 figurata
968 1268 1057 1320 est,
1077 1260 1274 1324 quando
1299 1260 1482 1320 lumen,
1500 1261 1577 1309 vel

185 1335 320 1384 color
341 1335 552 1399 figuram
580 1336 745 1395 habet,
781 1339 920 1400 cujus
954 1344 1118 1400 partes
1153 1337 1214 1384 ab
1251 1337 1432 1400 objecti
1466 1353 1579 1401 par-

184 1411 316 1478 tibus
345 1411 637 1471 efficiuntur,
666 1419 716 1460 et
746 1412 919 1462 iisdem
949 1413 1211 1461 ordinatim
1241 1412 1446 1476 singulae
1479 1413 1577 1461 sin-

184 1488 312 1555 gulis
335 1488 650 1552 respondent.

251 1564 441 1613 Lumen
464 1570 629 1613 autem
660 1571 711 1612 et
742 1564 877 1612 color
905 1565 977 1613 ita
1007 1566 1245 1628 figuratus
1270 1565 1437 1629 imago
1463 1564 1580 1613 dici-

183 1647 281 1689 tur.
351 1640 544 1688 Natura
577 1646 743 1688 autem
777 1640 978 1688 insitum
1012 1648 1084 1688 est
1119 1640 1252 1688 omni
1286 1640 1499 1699 animali,
1523 1647 1580 1689 ut

182 1716 342 1780 primo
366 1716 550 1764 intuitu
570 1716 836 1781 imaginem
854 1716 988 1763 illam
1006 1716 1162 1779 ipsam
1180 1732 1285 1764 rem
1301 1716 1454 1764 visam
1472 1732 1578 1765 esse

182 1798 375 1856 putent,
398 1791 477 1840 vel
501 1791 675 1840 saltem
703 1791 902 1854 aliquod
937 1807 1113 1855 corpus
1139 1791 1270 1857 quod
1294 1793 1449 1855 ipsam
1471 1808 1577 1840 rem

183 1868 331 1917 simili
354 1867 453 1917 situ
474 1867 690 1932 partium
724 1874 895 1915 exacte
926 1867 1124 1916 referat.
1196 1868 1302 1916 Imo
1335 1868 1574 1927 homines,

183 1943 226 1992 si
247 1943 389 1992 valde
416 1959 616 2007 paucos,
649 1943 733 2007 qui
762 1943 948 2009 judicia
977 1960 1207 1992 sensuum
1240 1944 1432 1992 ratione
1467 1961 1575 1992 cor-

181 2026 431 2079 rexerunt,
455 2019 685 2083 excipias,
709 2019 970 2083 imaginem
997 2020 1131 2068 illam
1153 2027 1333 2085 putant
1357 2036 1462 2070 esse
1487 2021 1574 2069 ob-

176 2096 366 2159 Jectum
388 2095 565 2160 ipsum,
589 2112 682 2144 nec
706 2095 809 2144 sine
834 2095 1091 2160 disciplina
1112 2097 1164 2145 in
1187 2097 1405 2145 animum
1429 2096 1573 2145 indu-

181 2187 293 2221 cere
314 2179 522 2237 possunt
549 2172 700 2220 solem
728 2177 777 2219 et
808 2178 941 2220 astra
968 2173 1156 2236 majora
1178 2188 1283 2220 esse
1307 2179 1392 2220 aut
1414 2189 1573 2222 remo-

180 2248 309 2298 tiora
331 2264 480 2312 quam
502 2247 748 2296 videntur.

249 2332 414 2382 Quare
429 2338 594 2379 autem
612 2332 689 2395 obj
696 2337 858 2378 ectum
875 2330 1022 2380 modo
1040 2333 1212 2395 majus,
1231 2331 1377 2379 modo
1397 2331 1573 2390 minus,

180 2407 328 2456 modo
351 2407 567 2472 propius,
591 2406 738 2454 modo
762 2406 1090 2470 longinquius,
1115 2406 1263 2455 modo
1287 2423 1400 2466 una,
1424 2406 1573 2454 modo

180 2483 277 2532 alia
288 2484 450 2548 figura
462 2490 683 2548 apparet,
694 2498 973 2546 quanquam
987 2483 1129 2532 multi
1143 2483 1477 2532 demonstrare
1491 2500 1573 2532 co-

180 2559 286 2608 nati
303 2566 433 2618 sunt,
450 2575 480 2608 a
493 2558 688 2607 nemine
703 2565 886 2618 tamen,
903 2559 1035 2622 quod
1051 2559 1168 2618 scio,
1185 2559 1573 2608 demonstratum

181 2643 270 2684 est.
332 2634 482 2685 Quod
516 2642 682 2683 tamen
722 2634 922 2683 minime
962 2635 1128 2694 miror,
1167 2635 1281 2698 quia
1319 2635 1484 2684 lumen
1523 2643 1573 2685 et

181 2711 397 2760 colorem
427 2727 528 2760 non
559 2711 866 2774 objectorum
895 2710 1183 2770 accidentia,
1219 2711 1306 2759 sed
1337 2711 1572 2775 phantas-

180 2794 316 2835 mata
358 2794 528 2835 nostra
567 2802 688 2846 esse,
729 2802 792 2833 ne
831 2786 1066 2849 suspicari
1103 2786 1301 2850 quidem
1338 2787 1569 2852 cuiquam

155 2877 158 2880 ⁴
181 2863 402 2927 contigit.
474 2863 664 2925 Itaque,
690 2878 801 2911 cum
828 2861 887 2910 de
920 2861 1029 2910 loco
1060 2862 1286 2926 imaginis
1310 2863 1431 2911 nihil
1455 2864 1571 2912 hac-

1630 1262 1757 1294 SECT.
1779 1263 1834 1296 11.

1712 1315 1744 1346 2.

1629 1407 1812 1436 Introductio
