2020 3262
202 368 325 416 s'Ecr.
346 385 395 418 11.

276 435 326 465 12.

191 2691 291 2719 Metus

190 2734 386 2763 invisibilium.

452 243 540 285 106
973 254 1043 287 DE
1070 253 1310 289 HOMINE.

444 361 579 409 illum
602 362 837 422 occidere,
873 363 954 426 qui
985 363 1211 426 injuriam
1241 363 1388 417 fecit3
1424 378 1536 409 nam
1567 369 1811 411 mortuum

440 453 687 500 nunquam
711 440 991 501 cujusquam
1019 439 1090 486 rei
1121 438 1341 501 poenitet.
1411 437 1669 498 Objectum
1692 454 1808 502 ergo

442 512 527 560 irae
585 520 658 560 est
702 514 973 572 molestum,
1021 513 1106 561 sed
1159 521 1396 575 quatenus
1437 512 1486 558 vi
1527 514 1809 575 superabile.

445 588 603 636 Quem
648 588 776 635 enim
817 589 1044 635 conviciis
1079 588 1346 635 lacessieris
1385 586 1558 644 nudus,
1604 587 1810 644 iratum;

442 671 670 721 armatus,
689 663 1060 710 tremebundum
1082 663 1244 710 facies.
1302 661 1440 708 Iram
1458 668 1514 708 ut
1533 677 1639 723 spes
1657 663 1811 721 effert,

442 738 511 785 ita
533 746 690 785 metus
715 746 973 801 temperat;
994 739 1045 785 id
1063 746 1151 795 est,
1177 738 1299 785 sicut
1313 752 1400 799 per
1418 736 1812 798 imaginationem

442 813 635 875 spiritus
650 814 879 861 animales
888 814 1199 861 effunduntur
1214 813 1263 859 in
1278 827 1450 859 nervos
1466 811 1527 858 ad
1541 811 1811 860 faciendam
1831 802 1840 812 ”

441 887 539 934 vim
562 888 613 934 in
636 888 816 935 malum
842 888 971 951 quod
995 888 1204 950 ingruit3
1230 887 1298 934 ita
1311 903 1398 949 per
1414 886 1811 948 imaginationem

441 962 636 1024 majoris
672 962 786 1009 mali
822 963 1133 1010 retrahuntur
1169 962 1232 1009 ad
1268 977 1351 1009 cor
1387 977 1485 1009 suae
1520 961 1811 1010 defensionis

441 1053 598 1095 causa,
635 1037 710 1084 vel
745 1037 808 1084 ad
839 1037 1017 1100 fugam.
1090 1037 1201 1100 Spei
1240 1037 1484 1099 objectum
1518 1044 1590 1084 est
1628 1037 1810 1085 bonum

439 1127 703 1174 apparens3
739 1120 896 1159 metus
920 1112 1177 1174 objectum,
1202 1111 1396 1159 malum.
1468 1111 1656 1158 Bonum
1681 1112 1809 1159 enim

440 1193 683 1248 speratum
724 1186 852 1233 unde
893 1187 956 1233 ad
991 1203 1079 1234 nos
1122 1187 1284 1233 venire
1322 1186 1510 1244 debeat,
1560 1202 1809 1249 nunquam

439 1261 555 1308 satis
577 1261 919 1323 perspicimus:
956 1277 1069 1308 nam
1087 1261 1125 1308 si
1156 1261 1551 1323 perspiceremus,
1577 1276 1654 1308 res
1677 1268 1810 1309 certa

439 1342 578 1393 esset,
604 1352 693 1382 nec
717 1336 988 1398 expectatio
1013 1343 1178 1383 nostra
1196 1336 1399 1398 amplius
1418 1335 1661 1383 diceretur
1681 1352 1805 1399 spes,

439 1412 524 1458 sed
546 1411 795 1474 gaudium.
865 1412 942 1458 Ad
967 1428 1100 1474 spem
1135 1412 1380 1458 sufficiunt
1403 1412 1549 1458 etiam
1571 1411 1809 1459 levissima

438 1493 738 1548 argumenta.
810 1487 913 1534 Imo
938 1503 1030 1545 res,
1068 1503 1176 1549 quae
1204 1502 1265 1533 ne
1297 1486 1456 1533 animo
1481 1486 1674 1548 quidem
1692 1502 1808 1534 con-

436 1562 532 1624 cipi
575 1569 750 1624 potest,
790 1562 972 1624 sperari
1008 1569 1170 1609 tamen
1206 1568 1383 1624 potest,
1423 1561 1463 1608 si
1501 1561 1596 1608 dici
1631 1568 1806 1624 potest.

438 1637 682 1695 Similiter,
729 1636 879 1684 metui
919 1636 1152 1699 quidlibet
1192 1643 1354 1698 potest
1393 1652 1667 1699 quanquam
1706 1653 1807 1684 non

436 1712 752 1775 concipiatur,
787 1712 931 1759 modo
962 1712 1176 1759 terribile
1200 1727 1302 1758 esse
1324 1711 1468 1774 vulgo
1494 1711 1696 1770 dicatur,
1730 1712 1807 1759 vel

436 1789 476 1835 si
498 1788 677 1835 multos
701 1787 842 1834 simul
865 1787 1032 1849 fugere
1056 1786 1332 1842 videamus;
1367 1803 1496 1845 nam,
1532 1802 1807 1849 quanquam

434 1862 683 1925 incognita
707 1878 865 1920 causa,
884 1862 1095 1924 fugimus
1120 1877 1310 1924 quoque
1333 1877 1438 1919 nos,
1473 1869 1529 1909 ut
1552 1862 1603 1909 in
1625 1868 1806 1910 terror-

434 1938 542 1985 ibus
579 1953 699 2000 quos
737 1944 912 1984 vocant
950 1938 1162 2000 panicos.
1256 1937 1506 1984 Credimus
1544 1937 1672 1984 enim
1708 1953 1804 1995 eos,

436 2013 519 2075 qui
540 2012 683 2075 primi
708 2012 917 2074 fugiunt,
953 2012 1081 2075 fugae
1118 2028 1312 2060 causam
1338 2012 1515 2059 vidisse
1537 2011 1805 2075 periculum

434 2087 643 2150 aliquod.
736 2088 904 2150 Itaque
950 2088 1149 2134 affectus
1188 2087 1271 2134 isti
1317 2087 1506 2134 ratione
1546 2087 1803 2149 gubernari

433 2179 553 2226 opus
588 2163 783 2210 habent.
853 2162 995 2209 Ratio
1028 2163 1155 2210 enim
1193 2170 1281 2219 est,
1320 2178 1439 2225 quae,
1468 2168 1579 2209 >tam
1613 2167 1802 2209 nostras

432 2254 576 2301 quam
611 2239 911 2300 objectorum
945 2238 1071 2285 vires
1098 2253 1381 2285 mensurans
1406 2252 1799 2300 comparansque,

430 2322 535 2362 tum
565 2314 681 2376 spei,
716 2320 820 2360 tum
852 2313 1002 2360 metui
1034 2314 1232 2361 modum
1261 2313 1447 2371 statuit,
1482 2328 1542 2360 ne
1576 2318 1660 2360 aut
1693 2328 1800 2374 spe-

430 2396 593 2436 rantes
628 2387 900 2445 illudamur,
939 2399 1024 2434 aut
1054 2389 1281 2435 timentes
1314 2404 1370 2435 ea
1399 2388 1541 2445 bona,
1573 2402 1680 2449 quae
1714 2387 1799 2435 ha-

429 2466 614 2522 bemUS,
652 2463 754 2510 sine
791 2479 936 2510 causa
964 2464 1097 2525 justa
1127 2463 1419 2511 amittamus.
1490 2462 1635 2511 Quod
1670 2463 1799 2509 enim

431 2556 565 2602 spem
609 2538 843 2602 perfidam
883 2546 932 2586 et
971 2546 1153 2586 metum
1191 2539 1488 2602 proditorem
1532 2537 1675 2585 toties
1715 2553 1797 2585 ex-

431 2615 658 2676 perimur,
683 2614 785 2662 sola
807 2614 925 2661 facit
948 2615 1189 2678 imperitia
1210 2621 1389 2662 nostra.

500 2695 544 2736 5.
580 2689 759 2736 Omnes
797 2689 1016 2737 homines
1055 2689 1280 2752 opinione
1316 2695 1544 2736 tenentur
1578 2702 1681 2735 esse
1725 2687 1796 2735 in-

431 2764 615 2811 visibile
650 2763 846 2826 aliquod
880 2764 956 2811 vel
983 2763 1254 2821 invisibilia,
1301 2779 1330 2810 a
1363 2779 1458 2825 quo
1494 2761 1570 2809 vel
1606 2762 1794 2824 quibus,

431 2847 575 2901 prout
589 2838 799 2903 propitia
813 2846 926 2886 sunt
939 2838 1015 2886 vel
1029 2838 1218 2897 infesta,
1228 2837 1390 2886 omnia
1402 2838 1528 2885 bona
1542 2838 1792 2900 speranda,
