2020 3262
441 281 581 316 LocA
609 282 699 316 ss.
727 281 988 316 SEoUNDA
1013 280 1360 315 ANTEnic'ms,
1504 271 1594 315 281

185 394 253 442 'in
283 393 513 443 Domino.
585 395 725 443 Sicut
762 401 927 442 autem
958 408 1048 440 nos
1078 407 1166 455 per
1185 391 1454 454 simplicem
1485 392 1599 439 obe-
1642 414 1770 446 SECT,
1793 413 1862 446 111,

201 469 436 519 dientiam
459 470 775 535 intelligimus
807 483 991 518 OMNIA
1018 484 1127 531 quae
1159 483 1259 514 non
1288 474 1403 514 sunt
1428 474 1600 515 contra
1729 466 1776 496 ¹¹·

199 545 331 610 leges
356 547 463 606 Dei,
486 546 570 605 ita,
590 547 640 594 in
663 546 784 594 locis
819 545 913 593 illis
944 543 1102 592 sancti
1126 542 1263 591 Pauli
1286 541 1463 600 citatis,
1487 551 1600 605 post

198 638 370 670 vocem
386 637 569 671 OMNIA
588 620 1051 685 subintelligendum
1069 627 1159 676 est,
1184 624 1380 682 praeter
1405 633 1465 664 ea
1487 634 1598 682 quoe

199 704 314 746 sunt
337 705 515 746 contra
534 698 676 762 leges
700 698 818 746 Dei.

266 781 314 823 6.
352 773 450 822 Sed
471 790 533 821 ne
566 775 647 837 jus
674 773 951 837 principum
991 770 1273 820 minutatim
1313 785 1597 833 persequar,
1617 773 1795 822 ,Absfflufflm

1615 817 1770 853 imperium
1785 818 1840 845 evi-

199 865 258 896 ea
287 850 391 912 jam
427 849 697 912 producam
733 865 842 912 quae
885 855 1041 896 totam
1075 854 1370 911 potestatem
1412 862 1596 905 eorum,
1616 859 1793 909 acutissimis
1807 864 1864 888 tam

198 940 375 988 nempe
399 924 568 973 deberi
599 925 657 972 iis
680 941 710 972 a
733 924 941 972 subditis
979 923 1078 971 suis
1115 922 1447 970 obedientiam
1482 922 1597 969 sim-
1614 903 1887 975 Ξζῗζζῗᾷἶῖᾟιζῗῗῖ

197 1000 376 1063 plicem
399 1007 449 1048 et
472 1000 760 1059 absolutam,
786 999 930 1048 simul
961 998 1227 1047 stabiliunt.
1298 999 1362 1046 Et
1385 998 1600 1062 primum
1616 990 1887 1028 ⁰³³⁰⁰¹¹¹Pmb³t¹¹¹¹¹

197 1091 257 1124 ex
282 1076 424 1124 Novo
439 1076 778 1130 Testamento:
806 1075 987 1123 Matth.
1003 1074 1139 1122 xxiii.
1166 1080 1214 1134 2,
1233 1080 1278 1122 3.
1320 1074 1489 1138 Super
1514 1091 1599 1122 ea-

199 1151 428 1200 thedram
467 1151 670 1215 Moysis
716 1151 954 1198 sederunt
998 1150 1189 1199 Seribae
1236 1157 1286 1198 et
1328 1151 1598 1200 Pharisaei.

195 1226 391 1276 OMNIA
414 1243 540 1291 ergo
565 1243 865 1291 quaeeunque
884 1226 1111 1274 dixerint
1142 1226 1298 1286 vobis,
1324 1234 1525 1275 servate
1549 1235 1599 1276 et

175 1302 370 1366 facite.
445 1301 638 1361 Omnia,
686 1301 864 1365 inquit,
889 1300 1084 1364 facite,
1131 1301 1227 1350 hoc
1269 1309 1358 1361 est,
1403 1302 1601 1350 obedite

196 1377 516 1442 simpliciter.
602 1378 803 1427 Quare?
855 1378 971 1441 quia
1018 1377 1192 1426 sedent
1235 1394 1381 1442 super
1430 1379 1600 1426 cathe-

197 1453 343 1502 dram
393 1454 614 1518 Moysis,
654 1454 903 1512 nimirum,
953 1454 1215 1518 principis
1263 1454 1445 1513 civilis,
1500 1471 1601 1502 non

196 1529 424 1578 Aaronis
461 1530 744 1579 sacerdotis.
831 1531 974 1578 Rom.
1011 1530 1112 1579 xiii.
1151 1537 1191 1590 l,
1225 1538 1352 1579 etc.:
1430 1530 1602 1579 Omnis

197 1605 365 1653 anima
407 1606 755 1670 potestatibus
815 1606 1188 1661 sublimioribus
1241 1606 1446 1654 subdita
1491 1607 1561 1654 sit
1581 1626 1601 1663 ;

197 1698 294 1730 non
331 1687 409 1729 est
436 1682 564 1729 enim
592 1687 825 1745 potestas
866 1681 967 1729 nisi
1004 1698 1036 1729 a
1074 1682 1202 1730 Deo.
1278 1683 1400 1739 Quoe
1437 1689 1602 1731 autem

198 1763 329 1816 sunt,
371 1773 404 1804 a
440 1757 552 1804 Deo
588 1757 837 1805 ordinatae
860 1764 989 1805 sunt.
1062 1758 1246 1822 Itaque
1284 1759 1372 1823 qui
1403 1759 1603 1807 resistit

189 1833 461 1899 potestati,
497 1833 600 1881 Dei
642 1833 955 1881 ordinationi
995 1834 1209 1883 resistit.
1299 1835 1398 1892 Qui
1439 1842 1602 1883 autem

199 1909 461 1968 resistunt,
509 1909 613 1974 ipsi
658 1909 757 1957 sibi
795 1909 1159 1957 danertationem
1194 1911 1480 1975 acquirunt,
1506 1917 1600 1959 etc.

200 1985 447 2034 Quoniam
473 2001 591 2049 ergo
614 1991 900 2049 potestates,
916 2002 1026 2049 quae
1045 1994 1187 2034 erant
1205 1994 1426 2051 tempore
1445 1988 1602 2036 sancti

199 2060 352 2119 Pauli,
377 2077 407 2108 a
429 2061 535 2108 Deo
559 2060 799 2109 ordinatae
821 2060 1036 2122 fuerunt,
1062 2078 1230 2111 omnes
1263 2070 1428 2111 autem
1459 2081 1602 2128 reges

198 2152 257 2185 eo
293 2143 514 2200 tempore
550 2137 865 2200 requirebant
901 2153 931 2185 a
972 2138 1179 2186 subditis
1220 2139 1319 2187 suis
1356 2140 1602 2203 integram

199 2211 546 2275 obedientiam,
562 2213 786 2277 sequitur
809 2213 955 2261 talem
972 2221 1267 2277 potestatem
1282 2232 1312 2264 a
1329 2216 1434 2264 Deo
1452 2217 1603 2265 fuisse

198 2289 492 2338 ordinatam.
530 2290 688 2337 1.Pet.
709 2289 759 2337 ii.
791 2296 968 2338 13-15:
1007 2290 1232 2354 Subjeeti
1260 2292 1424 2357 igitur
1442 2300 1603 2341 estote

199 2364 330 2413 omni
358 2365 580 2413 humanae
615 2371 866 2413 ereaturce
902 2373 1122 2431 propter
1146 2368 1323 2427 Deum,
1349 2369 1454 2416 sive
1485 2370 1603 2434 regi

198 2441 348 2506 quasi
382 2441 720 2506 praecellenti,
768 2442 872 2489 sive
910 2442 1119 2490 ducibus
1156 2450 1392 2508 tanquam
1434 2445 1497 2493 ab
1543 2463 1601 2494 eo

198 2517 368 2565 missis
409 2517 482 2565 ad
519 2517 791 2565 vindictum
825 2517 1222 2582 malefactorum,
1255 2520 1452 2569 laudem
1486 2539 1602 2570 vero

199 2591 472 2648 bonorum;
515 2593 637 2657 quia
684 2593 760 2640 sic
807 2599 885 2640 est
931 2594 1162 2642 voluntas
1207 2596 1326 2644 Dei.
1414 2597 1604 2654 Rursus

199 2676 399 2717 sanctus
421 2669 600 2718 Paulus
624 2668 689 2717 ad
711 2668 879 2716 Titum
924 2668 1063 2733 (Cap.
1082 2670 1151 2718 iii.
1178 2671 1224 2734 l)
1247 2690 1259 2718 :
1298 2671 1524 2720 Admone
1539 2673 1602 2721 il-

200 2743 278 2792 los
292 2745 618 2810 principibus
642 2752 693 2792 et
712 2744 1052 2810 potestatibus
1067 2746 1294 2795 subditos
1318 2764 1444 2805 esse,
1463 2748 1602 2797 dieto

201 2818 420 2868 obedire.
493 2821 686 2870 Quibus
722 2820 1061 2884 principibus?
1099 2823 1278 2871 Nonne
1297 2825 1602 2889 principibus

202 2903 478 2961 temporum
501 2898 711 2958 illorum,
737 2898 820 2961 qui
839 2897 1167 2948 obedientiam
1192 2900 1453 2964 exigebant
1486 2901 1601 2950 sim-
