2020 3262
226 397 351 432 SECT.
372 400 439 432 111.

319 451 348 480 3.

221 535 344 573 Regula,
357 545 410 573 per

220 588 308 616 quam
324 580 421 607 statim

220 622 354 659 cognosci
365 625 468 660 potest,

220 674 259 693 an
272 666 351 703 quod
363 666 466 694 facturi

221 716 332 743 sumus,
344 709 381 736 sit
401 717 466 737 con-

221 753 267 779 tra
290 751 383 787 legem
416 761 465 780 na-

221 796 304 829 turae‚
317 803 416 823 necne.

226 2267 315 2303 Leges
328 2270 440 2296 naturae

222 2311 352 2348 obligant
362 2311 394 2338 in
406 2311 466 2338 soro

222 2354 335 2382 inoemo
347 2357 467 2382 tantum.

488 255 575 298 194
1022 272 1302 306 LIBERTAS.

479 376 626 439 tingit
648 377 802 426 ebriis
826 387 875 428 et
905 382 1118 446 crapula
1149 383 1399 447 gravati&
1470 384 1703 433 Peccatur
1736 401 1856 450 ergo

482 452 707 501 vicesimo
730 454 838 502 loco
862 464 1033 504 contra
1055 457 1211 520 legem
1234 458 1503 505 naturalem
1526 459 1785 509 ebrietate.

549 532 629 575 26.
665 529 805 577 Dicet
818 530 1022 579 fortasse
1037 533 1224 596 aliquis,
1241 533 1322 595 qui
1341 534 1516 581 viderit
1530 535 1855 597 praecedentia

481 610 725 666 praecepta
759 607 998 654 naturalia
1037 608 1239 656 artificio
1273 609 1483 671 quodam
1514 611 1574 657 ab
1601 611 1746 659 unico
1776 627 1854 660 ra-

482 677 642 738 tionis,
673 695 760 727 nos
783 680 847 728 ad
878 682 1034 729 nostri
1067 684 1482 732 conservationem
1518 693 1567 733 et
1603 685 1856 734 incolumi-

481 759 631 801 tatem
654 755 910 815 hortantis,
936 757 1196 806 dictamine
1216 759 1448 818 derivata,
1473 760 1594 808 adeo
1613 761 1855 809 difficilem

483 844 586 876 esse
610 829 950 878 deductionem
973 832 1145 880 harum
1172 834 1351 897 legum,
1390 842 1445 882 ut
1480 836 1855 898 exspectandum

480 919 580 952 non
604 905 667 953 sit
690 921 769 953 eas
787 907 932 970 vulgo
949 909 1169 971 cognitas
1183 909 1302 968 fore,
1322 926 1479 973 neque
1497 911 1606 959 ideo
1625 911 1854 975 obligare.

480 979 675 1027 Etenim
717 980 864 1044 leges,
903 983 998 1030 nisi
1051 984 1275 1046 cognitae,
1324 1000 1423 1033 non
1471 986 1705 1049 obligant,
1757 987 1856 1035 imo

479 1070 579 1102 non
597 1062 710 1103 sunt
731 1056 875 1119 leges.
947 1059 1076 1105 Huic
1095 1060 1381 1123 respondeo,
1396 1077 1566 1108 verum
1584 1077 1687 1109 esse
1703 1076 1853 1125 spem,

478 1136 678 1189 metum,
713 1130 849 1189 iram,
881 1133 1209 1192 ambitionem,
1243 1135 1509 1195 avaritiam,
1540 1136 1747 1199 gloriam
1781 1136 1856 1184 in-

479 1220 636 1263 anem,
656 1212 706 1252 et
724 1214 922 1254 caeteras
944 1209 1333 1270 perturbationes
1357 1211 1505 1257 animi
1529 1211 1777 1274 impedire,
1792 1227 1855 1260 ne

481 1278 588 1341 quis
616 1279 747 1342 leges
775 1288 963 1329 naturae
997 1298 1085 1344 pro
1120 1298 1177 1330 eo
1215 1290 1450 1346 tempore,
1484 1301 1580 1348 quo
1611 1285 1855 1348 passiones

481 1353 586 1400 istae
603 1355 884 1416 praevalent,
905 1372 1197 1419 cognoscere
1214 1359 1380 1421 possit.
1452 1360 1694 1408 Caeterum
1706 1377 1855 1409 vnemo

483 1435 569 1487 est,
594 1429 677 1491 qui
699 1445 797 1477 non
820 1430 1078 1494 aliquando
1098 1433 1264 1481 sedato
1283 1434 1443 1482 animo
1464 1442 1551 1483 est.
1619 1437 1690 1484 Eo
1705 1436 1856 1499 igitur

481 1510 700 1566 tempore
723 1504 845 1552 nihil
867 1505 952 1564 illi,
973 1523 1264 1570 quamquam
1286 1508 1486 1557 indocto
1510 1517 1559 1558 et
1580 1511 1706 1570 rudi,
1731 1512 1868 1560 scitu>

483 1584 557 1625 est
579 1578 795 1635 facilius;
830 1580 975 1629 unica
997 1582 1181 1630 scilicet
1212 1583 1304 1631 hac
1327 1584 1510 1646 regula,
1544 1592 1599 1633 ut
1633 1601 1743 1634 cum
1767 1586 1856 1634 du-

482 1653 619 1712 bitet,
644 1654 696 1701 id
719 1655 850 1717 quod
871 1655 1087 1705 facturus
1110 1658 1161 1705 in
1183 1658 1389 1706 alterum
1411 1659 1489 1718 sit,
1508 1661 1618 1723 jure
1639 1660 1855 1709 facturus

478 1728 548 1775 >sit
569 1730 778 1777 naturali
800 1746 969 1790 necne,
1004 1738 1143 1795 putet
1180 1749 1230 1780 se
1267 1749 1370 1781 esse
1407 1734 1458 1782 in
1494 1735 1622 1783 illius
1659 1735 1856 1784 alterius

483 1802 605 1850 loco.
676 1805 750 1852 Iti
790 1806 953 1854 statim
998 1808 1386 1870 perturbationes
1423 1809 1533 1868 illae,
1576 1827 1683 1874 quae
1718 1811 1857 1860 insti-

483 1879 667 1941 gabant
685 1879 749 1927 ad
765 1880 1056 1941 faciendum,
1076 1890 1307 1947 tanquam
1321 1884 1568 1933 translatae
1586 1886 1637 1934 in
1656 1886 1856 1935 alteram

483 1954 680 2002 trutinae
703 1955 905 2015 lancem,
923 1973 952 2004 a
973 1957 1196 2006 faciendo
1222 1959 1623 2008 dehortabuntur.
1692 1961 1855 2025 Atque

482 2028 586 2075 haec
610 2030 778 2092 regula
800 2047 899 2078 non
922 2032 1068 2080 modo
1091 2034 1261 2092 facilis,
1297 2035 1382 2082 sed
1405 2035 1551 2083 etiam
1571 2036 1754 2084 dudum
1776 2053 1855 2085 ce-

481 2103 668 2151 lebrata
688 2103 763 2152 his
785 2106 944 2154 verbis
969 2114 1056 2165 est,
1077 2108 1212 2172 quod
1227 2109 1455 2170 tibifierz'
1474 2127 1568 2158 non
1587 2111 1677 2170 via,
1696 2111 1855 2160 alteri

483 2178 765 2241 nefeceris.

549 2254 628 2307 27.
654 2253 896 2302 Quoniam
910 2262 1073 2305 autem
1086 2257 1302 2320 plerique
1316 2259 1549 2318 homines,
1567 2275 1669 2322 prae
1682 2260 1853 2324 iniquo

482 2328 731 2392 praesentis
756 2331 998 2379 commodi
1012 2333 1247 2395 appetitu,
1262 2334 1521 2396 praedictas
1540 2334 1686 2397 leges,
1706 2351 1855 2397 quan-

483 2404 661 2452 tumvis
683 2404 886 2466 agnitas,
903 2406 1159 2454 observare
1173 2408 1370 2456 minime
1388 2409 1488 2471 apti
1507 2416 1646 2464 sunt;
1671 2410 1712 2456 si
1727 2410 1854 2458 forte

482 2479 645 2542 aliqui,
682 2481 868 2527 caeteris
902 2481 1232 2541 modestiores,
1268 2483 1398 2530 illam
1421 2483 1699 2546 aequitatem
1722 2501 1854 2532 com-

482 2554 874 2617 moditatemque,
914 2572 1059 2619 quam
1082 2558 1206 2605 ratio
1233 2557 1400 2615 dictat,
1434 2566 1727 2619 exercerent,
1764 2576 1855 2609 cae-

483 2630 599 2677 teris
625 2645 725 2677 non
755 2630 885 2677 idem
911 2631 1215 2690 facientibus,
1252 2633 1373 2680 nihil
1403 2633 1560 2680 minus
1601 2649 1746 2696 quam
1776 2651 1854 2683 ra-

482 2705 665 2752 tionem
680 2711 994 2754 sectarentur.
1044 2707 1213 2770 Neque
1229 2707 1356 2754 enim
1369 2723 1552 2770 pacem,
1569 2708 1654 2755 sed
1668 2717 1854 2757 certum

484 2787 534 2826 et
555 2781 790 2834 maturius
814 2781 1015 2829 exitium
1039 2781 1128 2829 sibi
1151 2789 1499 2845 compararent,
1532 2783 1854 2848 cederentque

484 2854 794 2904 observantes
828 2873 927 2905 non
962 2857 1324 2907 observantibus
1355 2857 1402 2905 in
1440 2858 1670 2922 praedam.
1739 2861 1853 2910 Non
