1994 3276
469 254 567 299 412
1034 268 1278 304 RELlelo.

209 397 338 429 SEeT,
355 398 424 431 111,
455 376 545 437 jus
569 378 929 426 controversias
966 395 1132 427 omnes
1166 379 1537 438 determinandi,
1576 379 1845 444 dependeat

296 448 342 478 17.

187 599 385 628 Christianam

186 643 332 671 civitatem
347 644 438 681 Scrip-

188 689 269 714 turas
295 686 431 724 interpre—

186 729 242 757 tari
260 729 362 757 debere
380 739 432 767 per

186 775 314 809 pastores
329 773 441 802 ecclesi-

186 815 297 844 asticos.

468 458 516 498 et
540 451 784 501 derivetur
807 455 866 502 ab
891 455 1179 503 auctoritate
1202 455 1330 502 illius
1352 455 1560 502 hominis
1574 456 1651 503 vel
1675 463 1842 518 coetus,

466 543 613 590 penes
637 544 780 592 quem
804 538 876 578 est
899 546 1140 578 summum
1163 530 1419 592 imperium
1443 529 1664 578 civitatis.

533 608 612 650 28.
651 604 961 668 Quapropter
980 605 1177 653 omnino
1198 605 1293 653 duo
1314 612 1426 653 sunt
1448 620 1628 668 genera
1650 612 1843 654 contro-

467 677 748 737 versiarum,
779 696 930 727 unum
955 681 1084 728 circa
1118 680 1429 745 spiritualia,
1465 681 1557 728 hoc
1593 688 1682 740 est,
1715 681 1844 730 circa

470 753 757 815 quaestiones
790 754 919 814 fidei,
958 771 1163 818 quarum
1199 755 1377 803 veritas
1410 755 1598 803 ratione
1632 757 1843 804 naturali

466 827 747 891 investigari
792 845 893 877 non
936 837 1126 892 potest3
1185 830 1351 892 quales
1398 836 1511 877 sunt
1552 831 1842 893 quaestiones

468 902 530 950 de
553 909 737 950 natura
761 910 809 951 et
829 904 987 966 officio
1011 904 1261 963 CHRISTI,
1287 904 1350 951 de
1362 904 1594 969 praemiis
1618 912 1667 954 et
1678 906 1842 970 paenis

465 978 657 1038 futuris,
684 978 744 1026 de
783 979 1148 1027 resurrectione
1183 995 1458 1043 corporum,
1484 979 1547 1027 de
1579 986 1763 1028 natura
1793 987 1843 1029 et

464 1070 493 1100 0
529 1054 641 1102 ociis
682 1054 987 1119 angelorum,
1027 1055 1089 1102 de
1126 1054 1452 1102 sacramentis
1492 1062 1542 1102 et
1580 1054 1716 1102 cultu
1754 1071 1841 1103 ex-

465 1134 622 1187 terno,
642 1135 691 1176 et
709 1130 883 1177 similia
899 1150 910 1184 ;
947 1130 1151 1177 alterum
1171 1129 1301 1176 circa
1319 1129 1609 1191 quaestiones
1625 1129 1841 1179 scientiae

465 1204 705 1263 humanae,
731 1221 935 1268 quarum
969 1205 1147 1253 veritas
1178 1205 1365 1252 ratione
1388 1205 1599 1252 naturali
1621 1214 1672 1252 et
1696 1205 1837 1269 syllo-

464 1278 631 1341 gismis
657 1279 862 1338 elicitur,
883 1295 942 1327 ex
958 1280 1113 1342 pactis
1126 1280 1377 1327 hominum
1396 1286 1444 1326 et
1460 1279 1836 1339 definitionibus,
1892 1340 1894 1343 y

466 1352 517 1399 id
548 1360 637 1412 est,
662 1354 870 1416 receptis
893 1370 984 1401 usu
1008 1362 1059 1401 et
1095 1370 1334 1402 consensu
1364 1355 1607 1402 communi
1629 1356 1839 1403 vocabu-

464 1428 624 1477 lorum
670 1429 1105 1492 significationibus
1126 1451 1138 1485 ;
1182 1431 1346 1493 quales
1392 1438 1506 1478 sunt
1550 1430 1839 1493 quaestiones

464 1519 631 1551 omnes
643 1504 783 1567 juris
802 1511 850 1551 et
863 1503 1216 1568 philosophice.
1269 1505 1491 1568 Exempli
1510 1521 1667 1565 causa,
1687 1522 1838 1569 quan-

465 1578 527 1626 do
551 1579 603 1626 in
631 1580 753 1642 jure
776 1579 1024 1641 quaeritur,
1050 1595 1112 1626 an
1147 1579 1210 1627 sit
1244 1579 1531 1642 promissum
1561 1587 1610 1628 et
1641 1587 1838 1644 pactum

462 1669 646 1710 neene;
683 1654 733 1702 id
762 1654 882 1701 nihil
918 1654 1050 1702 aliud
1085 1660 1172 1713 est,
1198 1670 1343 1717 quam
1367 1670 1583 1716 quaerere
1607 1670 1669 1702 an
1691 1656 1839 1704 verba

464 1729 594 1788 talia,
619 1729 705 1776 tali
736 1729 881 1777 modo
916 1729 1120 1792 prolata,
1145 1729 1449 1792 appellentur
1482 1730 1726 1777 communi
1748 1746 1839 1778 usu

465 1810 514 1851 et
538 1820 774 1852 consensu
806 1804 984 1852 civium
1007 1804 1306 1868 promissum
1329 1810 1414 1851 aut
1435 1810 1639 1867 pactam
1653 1822 1672 1859 ,·
1706 1805 1838 1867 quod

458 1879 597 1927 sisic
634 1880 954 1942 appellantur,
978 1896 1147 1927 verum
1185 1888 1258 1927 est
1293 1879 1551 1943 pepigisse,
1576 1879 1717 1927 aliter
1749 1880 1838 1928 fal-

464 1971 570 2002 sum
590 1973 600 2001 :
636 1955 814 2002 veritas
833 1971 948 2018 ergo
974 1971 1031 2002 ea
1049 1954 1290 2018 dependet
1312 1971 1341 2002 a
1362 1955 1515 2018 pactis
1533 1962 1583 2002 et
1602 1971 1838 2004 consensu

463 2029 726 2076 hominum.
799 2030 1044 2089 Similiter,
1070 2029 1263 2093 quando
1290 2030 1525 2093 quaeritur
1547 2029 1598 2077 in
1611 2030 1837 2094 philoso-

454 2104 584 2168 phia
606 2121 669 2152 an
691 2104 819 2152 idem
842 2105 995 2168 possit
1019 2121 1123 2154 esse
1159 2112 1317 2153 totum
1353 2106 1404 2153 in
1440 2105 1659 2168 pluribus
1695 2106 1836 2154 simul

463 2180 610 2236 locis;
646 2180 985 2228 determinatio
1021 2181 1300 2244 quaestionis
1335 2180 1575 2244 dependet
1605 2197 1634 2228 a
1670 2181 1836 2244 cogni-

463 2256 596 2320 tione
622 2256 890 2303 communis
915 2272 1175 2303 consensus
1198 2256 1464 2315 hominum,
1490 2256 1620 2304 circa
1654 2256 1834 2319 signifi-

465 2331 706 2378 cationem
729 2331 953 2379 vocabuli
979 2331 1128 2378 totius
1147 2350 1157 2378 z
1195 2331 1433 2394 siquidem
1451 2330 1579 2378 enim
1601 2330 1833 2389 homines,

464 2405 656 2468 quando
682 2406 850 2453 dicunt
873 2412 1031 2453 totum
1062 2421 1164 2453 esse
1189 2406 1382 2462 alicubi,
1405 2405 1680 2469 significant
1703 2421 1834 2452 com-

463 2481 597 2527 muni
607 2496 847 2528 consensu
861 2480 1132 2543 intelligere
1149 2496 1199 2529 se
1213 2481 1334 2528 nihil
1353 2496 1456 2528 esse
1474 2480 1688 2543 ejusdem
1702 2479 1831 2538 alibi,

461 2555 637 2603 falsum
652 2563 724 2603 est
741 2556 872 2603 idem
887 2572 989 2604 esse
1012 2556 1064 2603 in
1080 2556 1296 2619 pluribus
1317 2556 1457 2603 simul
1475 2555 1592 2603 locis
1611 2573 1620 2601 :
1656 2554 1831 2602 veritas

463 2646 579 2693 ergo
605 2646 662 2678 ea
685 2630 926 2694 dependet
949 2647 979 2677 a
1007 2646 1244 2678 consensu
1277 2630 1542 2688 hominum,
1568 2627 1830 2691 eademque

461 2706 648 2754 ratione
682 2707 731 2753 in
762 2706 950 2754 caeteris
987 2706 1209 2753 omnibus
1238 2706 1377 2768 juris
1418 2712 1467 2752 et
1495 2703 1830 2768 philosophioe

463 2782 822 2843 quaestionibus.
858 2783 920 2829 Et
936 2781 1018 2844 qui
1037 2788 1206 2829 contra
1227 2781 1357 2828 hunc
1376 2794 1674 2828 communem
1701 2778 1830 2825 circa

461 2871 619 2904 rerum
655 2857 999 2919 appellationes
1038 2872 1323 2904 consensum
1361 2853 1624 2912 hominum,
1657 2869 1714 2901 ex
1743 2854 1827 2901 ob-
