<?xml version="1.0" encoding="UTF-8"?>
<!DOCTYPE html PUBLIC "-//W3C//DTD XHTML 1.0 Transitional//EN"
    "http://www.w3.org/TR/xhtml1/DTD/xhtml1-transitional.dtd">
<html xmlns="http://www.w3.org/1999/xhtml" xml:lang="en" lang="en">
 <head>
  <title>
</title>
<meta http-equiv="Content-Type" content="text/html;charset=utf-8" />
  <meta name='ocr-system' content='tesseract 3.04.00' />
  <meta name='ocr-capabilities' content='ocr_page ocr_carea ocr_par ocr_line ocrx_word'/>
</head>
<body>
  <div class='ocr_page' id='page_1' title='image "./operaphilosophic02hobbuoft_0350.png"; bbox 0 0 2020 3262; ppageno 0'>
   <div class='ocr_carea' id='block_1_1' title="bbox 526 224 1335 276">
    <p class='ocr_par' dir='ltr' id='par_1_1' title="bbox 526 224 1335 276">
     <span class='ocr_line' id='line_1_1' title="bbox 526 224 1335 276; baseline 0.012 -10"><span class='ocrx_word' id='word_1_1' title='bbox 526 224 622 268; x_wconf 88' lang='lat'>336</span> <span class='ocrx_word' id='word_1_2' title='bbox 1091 242 1335 276; x_wconf 68' lang='lat' dir='ltr'>nummo,</span> 
     </span>
    </p>
   </div>
   <div class='ocr_carea' id='block_1_2' title="bbox 264 359 1938 937">
    <p class='ocr_par' dir='ltr' id='par_1_2' title="bbox 264 359 1938 431">
     <span class='ocr_line' id='line_1_2' title="bbox 264 359 1938 431; baseline 0.013 -36"><span class='ocrx_word' id='word_1_3' title='bbox 264 364 391 398; x_wconf 73' lang='lat' dir='ltr'>snor.</span> <span class='ocrx_word' id='word_1_4' title='bbox 412 367 479 399; x_wconf 90' lang='lat'>111.</span> <span class='ocrx_word' id='word_1_5' title='bbox 512 363 760 418; x_wconf 72' lang='lat' dir='ltr'>parentes</span> <span class='ocrx_word' id='word_1_6' title='bbox 784 359 891 421; x_wconf 73' lang='lat' dir='ltr'>ejus</span> <span class='ocrx_word' id='word_1_7' title='bbox 909 379 927 415; x_wconf 90' lang='lat'><em>;</em></span> <span class='ocrx_word' id='word_1_8' title='bbox 962 360 1058 410; x_wconf 71' lang='lat' dir='ltr'>sed</span> <span class='ocrx_word' id='word_1_9' title='bbox 1082 369 1136 410; x_wconf 82' lang='lat' dir='ltr'>ut</span> <span class='ocrx_word' id='word_1_10' title='bbox 1159 363 1603 427; x_wconf 78' lang='lat' dir='ltr'><em>manifestarentur</em></span> <span class='ocrx_word' id='word_1_11' title='bbox 1627 382 1783 431; x_wconf 81' lang='lat' dir='ltr'>opera</span> <span class='ocrx_word' id='word_1_12' title='bbox 1805 368 1908 418; x_wconf 79' lang='lat' dir='ltr'>Dei</span> <span class='ocrx_word' id='word_1_13' title='bbox 1934 389 1938 393; x_wconf 93' lang='lat'>·</span> 
     </span>
    </p>

    <p class='ocr_par' dir='ltr' id='par_1_3' title="bbox 277 417 1904 937">
     <span class='ocr_line' id='line_1_3' title="bbox 277 417 1900 506; baseline 0.012 -33"><span class='ocrx_word' id='word_1_14' title='bbox 277 417 464 485; x_wconf 49' lang='lat' dir='ltr'>ss</span> <span class='ocrx_word' id='word_1_15' title='bbox 519 428 570 476; x_wconf 80' lang='lat' dir='ltr'>in</span> <span class='ocrx_word' id='word_1_16' title='bbox 594 430 697 479; x_wconf 76' lang='lat' dir='ltr'><em>illo.</em></span> <span class='ocrx_word' id='word_1_17' title='bbox 750 433 1058 498; x_wconf 81' lang='lat' dir='ltr'><strong>Quamquam</strong></span> <span class='ocrx_word' id='word_1_18' title='bbox 1081 445 1242 485; x_wconf 87' lang='lat' dir='ltr'>autem</span> <span class='ocrx_word' id='word_1_19' title='bbox 1266 438 1450 486; x_wconf 92' lang='lat' dir='ltr'>dictum</span> <span class='ocrx_word' id='word_1_20' title='bbox 1473 440 1535 487; x_wconf 89' lang='lat' dir='ltr'>sit</span> <span class='ocrx_word' id='word_1_21' title='bbox 1563 441 1725 502; x_wconf 91' lang='lat' dir='ltr'>(Rom.</span> <span class='ocrx_word' id='word_1_22' title='bbox 1750 459 1796 491; x_wconf 87' lang='lat' dir='ltr'>v.</span> <span class='ocrx_word' id='word_1_23' title='bbox 1821 444 1900 506; x_wconf 86' lang='lat'>12)</span> 
     </span>
     <span class='ocr_line' id='line_1_4' title="bbox 517 505 1903 581; baseline 0.009 -28"><span class='ocrx_word' id='word_1_24' title='bbox 517 505 735 556; x_wconf 82' lang='lat' dir='ltr'>Mortem</span> <span class='ocrx_word' id='word_1_25' title='bbox 760 509 979 559; x_wconf 71' lang='lat' dir='ltr'>intrasse</span> <span class='ocrx_word' id='word_1_26' title='bbox 1002 512 1054 560; x_wconf 81' lang='lat' dir='ltr'>in</span> <span class='ocrx_word' id='word_1_27' title='bbox 1087 513 1212 561; x_wconf 77' lang='lat' dir='ltr'>hune</span> <span class='ocrx_word' id='word_1_28' title='bbox 1242 514 1465 562; x_wconf 79' lang='lat' dir='ltr'>mundum</span> <span class='ocrx_word' id='word_1_29' title='bbox 1492 531 1596 579; x_wconf 76' lang='lat' dir='ltr'>per</span> <span class='ocrx_word' id='word_1_30' title='bbox 1622 525 1903 581; x_wconf 75' lang='lat' dir='ltr'>peceatum,</span> 
     </span>
     <span class='ocr_line' id='line_1_5' title="bbox 516 586 1903 653; baseline 0.009 -23"><span class='ocrx_word' id='word_1_31' title='bbox 516 597 617 630; x_wconf 91' lang='lat' dir='ltr'>non</span> <span class='ocrx_word' id='word_1_32' title='bbox 641 586 856 648; x_wconf 89' lang='lat' dir='ltr'>sequitur</span> <span class='ocrx_word' id='word_1_33' title='bbox 879 587 997 650; x_wconf 92' lang='lat' dir='ltr'>quin</span> <span class='ocrx_word' id='word_1_34' title='bbox 1019 588 1151 636; x_wconf 86' lang='lat' dir='ltr'>Deus</span> <span class='ocrx_word' id='word_1_35' title='bbox 1180 590 1290 651; x_wconf 88' lang='lat' dir='ltr'>jure</span> <span class='ocrx_word' id='word_1_36' title='bbox 1314 605 1401 637; x_wconf 90' lang='lat' dir='ltr'>suo</span> <span class='ocrx_word' id='word_1_37' title='bbox 1435 592 1650 653; x_wconf 91' lang='lat' dir='ltr'>potuerit</span> <span class='ocrx_word' id='word_1_38' title='bbox 1682 592 1903 642; x_wconf 88' lang='lat' dir='ltr'>homines</span> 
     </span>
     <span class='ocr_line' id='line_1_6' title="bbox 516 662 1904 726; baseline 0.007 -18"><span class='ocrx_word' id='word_1_39' title='bbox 516 667 566 709; x_wconf 89' lang='lat' dir='ltr'>et</span> <span class='ocrx_word' id='word_1_40' title='bbox 591 662 774 710; x_wconf 83' lang='lat' dir='ltr'>morbis</span> <span class='ocrx_word' id='word_1_41' title='bbox 798 670 849 710; x_wconf 90' lang='lat' dir='ltr'>et</span> <span class='ocrx_word' id='word_1_42' title='bbox 883 664 1029 711; x_wconf 92' lang='lat' dir='ltr'>morti</span> <span class='ocrx_word' id='word_1_43' title='bbox 1061 664 1296 712; x_wconf 87' lang='lat' dir='ltr'>obnoxios</span> <span class='ocrx_word' id='word_1_44' title='bbox 1332 665 1518 726; x_wconf 85' lang='lat' dir='ltr'>fecisse,</span> <span class='ocrx_word' id='word_1_45' title='bbox 1557 667 1747 716; x_wconf 88' lang='lat' dir='ltr'>etiamsi</span> <span class='ocrx_word' id='word_1_46' title='bbox 1777 685 1904 718; x_wconf 91' lang='lat' dir='ltr'>nun-</span> 
     </span>
     <span class='ocr_line' id='line_1_7' title="bbox 516 740 1902 802; baseline 0.007 -18"><span class='ocrx_word' id='word_1_47' title='bbox 516 751 662 799; x_wconf 90' lang='lat' dir='ltr'>quam</span> <span class='ocrx_word' id='word_1_48' title='bbox 684 747 968 800; x_wconf 81' lang='lat' dir='ltr'>peccassent</span> <span class='ocrx_word' id='word_1_49' title='bbox 988 760 999 794; x_wconf 91' lang='lat'>;</span> <span class='ocrx_word' id='word_1_50' title='bbox 1037 740 1445 802; x_wconf 83' lang='lat' dir='ltr'>quemadmodum</span> <span class='ocrx_word' id='word_1_51' title='bbox 1474 749 1652 791; x_wconf 88' lang='lat' dir='ltr'>caetera</span> <span class='ocrx_word' id='word_1_52' title='bbox 1673 744 1902 794; x_wconf 86' lang='lat' dir='ltr'>animalia</span> 
     </span>
     <span class='ocr_line' id='line_1_8' title="bbox 513 813 1899 885; baseline 0.007 -25"><span class='ocrx_word' id='word_1_53' title='bbox 513 813 740 862; x_wconf 89' lang='lat' dir='ltr'>mortalia</span> <span class='ocrx_word' id='word_1_54' title='bbox 759 813 879 862; x_wconf 87' lang='lat' dir='ltr'>fecit</span> <span class='ocrx_word' id='word_1_55' title='bbox 902 821 951 862; x_wconf 90' lang='lat' dir='ltr'>et</span> <span class='ocrx_word' id='word_1_56' title='bbox 973 816 1212 875; x_wconf 90' lang='lat' dir='ltr'>morbosa,</span> <span class='ocrx_word' id='word_1_57' title='bbox 1233 817 1422 865; x_wconf 88' lang='lat' dir='ltr'>etiamsi</span> <span class='ocrx_word' id='word_1_58' title='bbox 1443 834 1647 881; x_wconf 84' lang='lat' dir='ltr'>peccare</span> <span class='ocrx_word' id='word_1_59' title='bbox 1665 835 1766 868; x_wconf 91' lang='lat' dir='ltr'>non</span> <span class='ocrx_word' id='word_1_60' title='bbox 1787 837 1899 885; x_wconf 81' lang='lat' dir='ltr'>pos-</span> 
     </span>
     <span class='ocr_line' id='line_1_9' title="bbox 513 896 642 937; baseline 0.016 -2"><span class='ocrx_word' id='word_1_61' title='bbox 513 896 642 937; x_wconf 89' lang='lat' dir='ltr'>sunt.</span> 
     </span>
    </p>
   </div>
   <div class='ocr_carea' id='block_1_3' title="bbox 223 965 1896 2237">
    <p class='ocr_par' dir='ltr' id='par_1_4' title="bbox 223 965 1896 2237">
     <span class='ocr_line' id='line_1_10' title="bbox 232 965 1896 1029; baseline 0.009 -25"><span class='ocrx_word' id='word_1_62' title='bbox 232 975 442 1028; x_wconf 60' lang='lat' dir='ltr'>obiigafiqnem</span> <span class='ocrx_word' id='word_1_63' title='bbox 578 966 624 1018; x_wconf 88' lang='lat'>7.</span> <span class='ocrx_word' id='word_1_64' title='bbox 662 965 809 1014; x_wconf 77' lang='lat' dir='ltr'>Quod</span> <span class='ocrx_word' id='word_1_65' title='bbox 832 965 871 1013; x_wconf 91' lang='lat' dir='ltr'>si</span> <span class='ocrx_word' id='word_1_66' title='bbox 899 967 978 1029; x_wconf 88' lang='lat' dir='ltr'>jus</span> <span class='ocrx_word' id='word_1_67' title='bbox 1011 967 1248 1029; x_wconf 82' lang='lat' dir='ltr'>regnandi</span> <span class='ocrx_word' id='word_1_68' title='bbox 1281 967 1459 1016; x_wconf 88' lang='lat' dir='ltr'>habeat</span> <span class='ocrx_word' id='word_1_69' title='bbox 1496 967 1630 1016; x_wconf 91' lang='lat' dir='ltr'>Deus</span> <span class='ocrx_word' id='word_1_70' title='bbox 1653 970 1715 1018; x_wconf 89' lang='lat' dir='ltr'>ab</span> <span class='ocrx_word' id='word_1_71' title='bbox 1738 972 1896 1020; x_wconf 83' lang='lat' dir='ltr'>omni—</span> 
     </span>
     <span class='ocr_line' id='line_1_11' title="bbox 226 1019 1892 1110; baseline 0.006 -25"><span class='ocrx_word' id='word_1_72' title='bbox 226 1019 398 1098; x_wconf 57' lang='grc' dir='ltr'>ζῖξῖἶξζῖζ</span> <span class='ocrx_word' id='word_1_73' title='bbox 416 1023 480 1103; x_wconf 50' lang='grc' dir='ltr'>113ῐῖ</span> <span class='ocrx_word' id='word_1_74' title='bbox 507 1040 727 1102; x_wconf 88' lang='lat' dir='ltr'>potentia</span> <span class='ocrx_word' id='word_1_75' title='bbox 749 1056 851 1100; x_wconf 87' lang='lat' dir='ltr'>sua,</span> <span class='ocrx_word' id='word_1_76' title='bbox 869 1041 1180 1089; x_wconf 89' lang='lat' dir='ltr'>manifestum</span> <span class='ocrx_word' id='word_1_77' title='bbox 1203 1049 1277 1090; x_wconf 89' lang='lat' dir='ltr'>est</span> <span class='ocrx_word' id='word_1_78' title='bbox 1299 1042 1654 1108; x_wconf 78' lang='lat' dir='ltr'>obligationem</span> <span class='ocrx_word' id='word_1_79' title='bbox 1684 1045 1749 1094; x_wconf 87' lang='lat' dir='ltr'>ad</span> <span class='ocrx_word' id='word_1_80' title='bbox 1770 1062 1892 1110; x_wconf 88' lang='lat' dir='ltr'>prae-</span> 
     </span>
     <span class='ocr_line' id='line_1_12' title="bbox 223 1106 1891 1183; baseline 0.007 -23"><span class='ocrx_word' id='word_1_81' title='bbox 223 1106 489 1183; x_wconf 36' lang='lat' dir='ltr'>ssfffissgsseffiffffg·</span> <span class='ocrx_word' id='word_1_82' title='bbox 507 1115 732 1163; x_wconf 88' lang='lat' dir='ltr'>standam</span> <span class='ocrx_word' id='word_1_83' title='bbox 780 1116 872 1179; x_wconf 90' lang='lat' dir='ltr'>ipsi</span> <span class='ocrx_word' id='word_1_84' title='bbox 918 1116 1243 1166; x_wconf 84' lang='lat' dir='ltr'>obedientiam</span> <span class='ocrx_word' id='word_1_85' title='bbox 1287 1119 1570 1167; x_wconf 86' lang='lat' dir='ltr'>incumbere</span> <span class='ocrx_word' id='word_1_86' title='bbox 1614 1120 1891 1171; x_wconf 86' lang='lat' dir='ltr'>hominibus</span> 
     </span>
     <span class='ocr_line' id='line_1_13' title="bbox 501 1192 1892 1260; baseline 0.006 -22"><span class='ocrx_word' id='word_1_87' title='bbox 501 1196 733 1254; x_wconf 65' lang='lat' dir='ltr'>propter*</span> <span class='ocrx_word' id='word_1_88' title='bbox 757 1192 1153 1241; x_wconf 87' lang='lat' dir='ltr'>imbecillitatem.</span> <span class='ocrx_word' id='word_1_89' title='bbox 1228 1193 1487 1259; x_wconf 76' lang='lat' dir='ltr'>Obligatio</span> <span class='ocrx_word' id='word_1_90' title='bbox 1522 1196 1652 1243; x_wconf 91' lang='lat' dir='ltr'>enim</span> <span class='ocrx_word' id='word_1_91' title='bbox 1689 1213 1798 1260; x_wconf 90' lang='lat' dir='ltr'>quae</span> <span class='ocrx_word' id='word_1_92' title='bbox 1831 1213 1892 1246; x_wconf 88' lang='lat' dir='ltr'>ex</span> 
     </span>
     <span class='ocr_line' id='line_1_14' title="bbox 500 1266 1889 1333; baseline 0.006 -21"><span class='ocrx_word' id='word_1_93' title='bbox 500 1273 645 1328; x_wconf 87' lang='lat' dir='ltr'>pacto</span> <span class='ocrx_word' id='word_1_94' title='bbox 670 1267 840 1325; x_wconf 89' lang='lat' dir='ltr'>oritur,</span> <span class='ocrx_word' id='word_1_95' title='bbox 865 1266 925 1314; x_wconf 92' lang='lat' dir='ltr'>de</span> <span class='ocrx_word' id='word_1_96' title='bbox 941 1284 1036 1331; x_wconf 88' lang='lat' dir='ltr'>qua</span> <span class='ocrx_word' id='word_1_97' title='bbox 1053 1268 1237 1317; x_wconf 90' lang='lat' dir='ltr'>dictum</span> <span class='ocrx_word' id='word_1_98' title='bbox 1260 1275 1334 1316; x_wconf 90' lang='lat' dir='ltr'>est</span> <span class='ocrx_word' id='word_1_99' title='bbox 1357 1269 1515 1333; x_wconf 89' lang='lat' dir='ltr'>capite</span> <span class='ocrx_word' id='word_1_100' title='bbox 1539 1271 1768 1332; x_wconf 91' lang='lat' dir='ltr'>secundo,</span> <span class='ocrx_word' id='word_1_101' title='bbox 1791 1271 1889 1332; x_wconf 90' lang='lat' dir='ltr'>hic,</span> 
     </span>
     <span class='ocr_line' id='line_1_15' title="bbox 498 1341 1891 1408; baseline 0.006 -21"><span class='ocrx_word' id='word_1_102' title='bbox 498 1341 584 1387; x_wconf 89' lang='lat' dir='ltr'>ubi</span> <span class='ocrx_word' id='word_1_103' title='bbox 602 1342 682 1403; x_wconf 88' lang='lat' dir='ltr'>jus</span> <span class='ocrx_word' id='word_1_104' title='bbox 696 1342 969 1405; x_wconf 88' lang='lat' dir='ltr'>imperandi</span> <span class='ocrx_word' id='word_1_105' title='bbox 984 1343 1118 1390; x_wconf 90' lang='lat' dir='ltr'>nullo</span> <span class='ocrx_word' id='word_1_106' title='bbox 1141 1344 1475 1393; x_wconf 86' lang='lat' dir='ltr'>intercedente</span> <span class='ocrx_word' id='word_1_107' title='bbox 1492 1353 1637 1408; x_wconf 89' lang='lat' dir='ltr'>pacto</span> <span class='ocrx_word' id='word_1_108' title='bbox 1662 1363 1692 1394; x_wconf 88' lang='lat' dir='ltr'>a</span> <span class='ocrx_word' id='word_1_109' title='bbox 1713 1353 1891 1396; x_wconf 89' lang='lat' dir='ltr'>natura</span> 
     </span>
     <span class='ocr_line' id='line_1_16' title="bbox 499 1416 1887 1483; baseline 0.006 -20"><span class='ocrx_word' id='word_1_110' title='bbox 499 1416 669 1475; x_wconf 90' lang='lat' dir='ltr'>oritur,</span> <span class='ocrx_word' id='word_1_111' title='bbox 693 1417 857 1465; x_wconf 90' lang='lat' dir='ltr'>locum</span> <span class='ocrx_word' id='word_1_112' title='bbox 870 1417 1050 1466; x_wconf 90' lang='lat' dir='ltr'>habere</span> <span class='ocrx_word' id='word_1_113' title='bbox 1073 1434 1173 1466; x_wconf 91' lang='lat' dir='ltr'>non</span> <span class='ocrx_word' id='word_1_114' title='bbox 1194 1427 1373 1483; x_wconf 92' lang='lat' dir='ltr'>potest.</span> <span class='ocrx_word' id='word_1_115' title='bbox 1434 1421 1559 1469; x_wconf 86' lang='lat' dir='ltr'>Sunt</span> <span class='ocrx_word' id='word_1_116' title='bbox 1576 1429 1740 1470; x_wconf 86' lang='lat' dir='ltr'>autem</span> <span class='ocrx_word' id='word_1_117' title='bbox 1763 1422 1887 1471; x_wconf 77' lang='lat' dir='ltr'><em>obli-</em></span> 
     </span>
     <span class='ocr_line' id='line_1_17' title="bbox 494 1492 1886 1558; baseline 0.006 -20"><span class='ocrx_word' id='word_1_118' title='bbox 494 1492 722 1555; x_wconf 72' lang='lat' dir='ltr'>gationis</span> <span class='ocrx_word' id='word_1_119' title='bbox 756 1493 1008 1541; x_wconf 68' lang='lat' dir='ltr'>naturali-5·</span> <span class='ocrx_word' id='word_1_120' title='bbox 1043 1494 1153 1542; x_wconf 85' lang='lat' dir='ltr'>duae</span> <span class='ocrx_word' id='word_1_121' title='bbox 1183 1496 1393 1558; x_wconf 90' lang='lat' dir='ltr'>species:</span> <span class='ocrx_word' id='word_1_122' title='bbox 1429 1512 1544 1556; x_wconf 89' lang='lat' dir='ltr'>una,</span> <span class='ocrx_word' id='word_1_123' title='bbox 1567 1498 1652 1545; x_wconf 89' lang='lat' dir='ltr'>ubi</span> <span class='ocrx_word' id='word_1_124' title='bbox 1687 1498 1886 1546; x_wconf 89' lang='lat' dir='ltr'>libertas</span> 
     </span>
     <span class='ocr_line' id='line_1_18' title="bbox 495 1567 1885 1635; baseline 0.006 -22"><span class='ocrx_word' id='word_1_125' title='bbox 495 1567 857 1631; x_wconf 83' lang='lat' dir='ltr'>impedimentis</span> <span class='ocrx_word' id='word_1_126' title='bbox 876 1570 1121 1632; x_wconf 89' lang='lat' dir='ltr'>corporeis</span> <span class='ocrx_word' id='word_1_127' title='bbox 1134 1570 1324 1618; x_wconf 90' lang='lat' dir='ltr'>tollitur</span> <span class='ocrx_word' id='word_1_128' title='bbox 1345 1592 1357 1626; x_wconf 92' lang='lat'>;</span> <span class='ocrx_word' id='word_1_129' title='bbox 1388 1572 1531 1634; x_wconf 88' lang='lat' dir='ltr'>juxta</span> <span class='ocrx_word' id='word_1_130' title='bbox 1545 1588 1692 1635; x_wconf 89' lang='lat' dir='ltr'>quam</span> <span class='ocrx_word' id='word_1_131' title='bbox 1707 1573 1885 1621; x_wconf 88' lang='lat' dir='ltr'>coelum</span> 
     </span>
     <span class='ocr_line' id='line_1_19' title="bbox 498 1647 1885 1711; baseline 0.004 -20"><span class='ocrx_word' id='word_1_132' title='bbox 498 1650 548 1690; x_wconf 90' lang='lat' dir='ltr'>et</span> <span class='ocrx_word' id='word_1_133' title='bbox 588 1651 770 1692; x_wconf 88' lang='lat' dir='ltr'>terram</span> <span class='ocrx_word' id='word_1_134' title='bbox 816 1651 866 1692; x_wconf 88' lang='lat' dir='ltr'>et</span> <span class='ocrx_word' id='word_1_135' title='bbox 906 1651 1152 1692; x_wconf 90' lang='lat' dir='ltr'>creaturas</span> <span class='ocrx_word' id='word_1_136' title='bbox 1199 1661 1366 1693; x_wconf 89' lang='lat' dir='ltr'>omnes</span> <span class='ocrx_word' id='word_1_137' title='bbox 1409 1647 1745 1711; x_wconf 86' lang='lat' dir='ltr'>communibus</span> <span class='ocrx_word' id='word_1_138' title='bbox 1785 1663 1885 1696; x_wconf 88' lang='lat' dir='ltr'>suae</span> 
     </span>
     <span class='ocr_line' id='line_1_20' title="bbox 497 1719 1881 1782; baseline 0.004 -16"><span class='ocrx_word' id='word_1_139' title='bbox 497 1719 757 1767; x_wconf 84' lang='lat' dir='ltr'>creationis</span> <span class='ocrx_word' id='word_1_140' title='bbox 790 1719 979 1782; x_wconf 85' lang='lat' dir='ltr'>legibus</span> <span class='ocrx_word' id='word_1_141' title='bbox 1003 1720 1201 1768; x_wconf 91' lang='lat' dir='ltr'>obedire</span> <span class='ocrx_word' id='word_1_142' title='bbox 1225 1721 1428 1769; x_wconf 84' lang='lat' dir='ltr'>dicimus</span> <span class='ocrx_word' id='word_1_143' title='bbox 1449 1740 1460 1768; x_wconf 94' lang='lat'><strong>:</strong></span> <span class='ocrx_word' id='word_1_144' title='bbox 1497 1722 1664 1782; x_wconf 88' lang='lat' dir='ltr'>altera,</span> <span class='ocrx_word' id='word_1_145' title='bbox 1682 1723 1767 1771; x_wconf 93' lang='lat' dir='ltr'>ubi</span> <span class='ocrx_word' id='word_1_146' title='bbox 1789 1724 1881 1772; x_wconf 89' lang='lat' dir='ltr'>tol-</span> 
     </span>
     <span class='ocr_line' id='line_1_21' title="bbox 494 1794 1878 1860; baseline 0.004 -19"><span class='ocrx_word' id='word_1_147' title='bbox 494 1794 611 1842; x_wconf 90' lang='lat' dir='ltr'>litur</span> <span class='ocrx_word' id='word_1_148' title='bbox 634 1811 718 1858; x_wconf 91' lang='lat' dir='ltr'>spe</span> <span class='ocrx_word' id='word_1_149' title='bbox 743 1802 792 1843; x_wconf 91' lang='lat' dir='ltr'>et</span> <span class='ocrx_word' id='word_1_150' title='bbox 805 1803 941 1843; x_wconf 89' lang='lat' dir='ltr'>metu</span> <span class='ocrx_word' id='word_1_151' title='bbox 960 1816 973 1851; x_wconf 82' lang='lat'>3</span> <span class='ocrx_word' id='word_1_152' title='bbox 1005 1796 1147 1858; x_wconf 89' lang='lat' dir='ltr'>juxta</span> <span class='ocrx_word' id='word_1_153' title='bbox 1171 1812 1317 1859; x_wconf 89' lang='lat' dir='ltr'>quam</span> <span class='ocrx_word' id='word_1_154' title='bbox 1339 1796 1577 1844; x_wconf 89' lang='lat' dir='ltr'>infirmior</span> <span class='ocrx_word' id='word_1_155' title='bbox 1598 1798 1878 1860; x_wconf 84' lang='lat' dir='ltr'>potentiori,</span> 
     </span>
     <span class='ocr_line' id='line_1_22' title="bbox 497 1870 1879 1936; baseline 0.004 -19"><span class='ocrx_word' id='word_1_156' title='bbox 497 1870 576 1917; x_wconf 93' lang='lat' dir='ltr'>cui</span> <span class='ocrx_word' id='word_1_157' title='bbox 611 1871 836 1919; x_wconf 88' lang='lat' dir='ltr'>resistere</span> <span class='ocrx_word' id='word_1_158' title='bbox 876 1886 927 1918; x_wconf 90' lang='lat' dir='ltr'>se</span> <span class='ocrx_word' id='word_1_159' title='bbox 964 1887 1108 1935; x_wconf 91' lang='lat' dir='ltr'>posse</span> <span class='ocrx_word' id='word_1_160' title='bbox 1150 1871 1391 1936; x_wconf 81' lang='lat' dir='ltr'>desperat,</span> <span class='ocrx_word' id='word_1_161' title='bbox 1438 1888 1538 1920; x_wconf 92' lang='lat' dir='ltr'>non</span> <span class='ocrx_word' id='word_1_162' title='bbox 1578 1879 1740 1936; x_wconf 89' lang='lat' dir='ltr'>potest</span> <span class='ocrx_word' id='word_1_163' title='bbox 1777 1887 1879 1922; x_wconf 91' lang='lat' dir='ltr'>non</span> 
     </span>
     <span class='ocr_line' id='line_1_23' title="bbox 493 1946 1879 2011; baseline 0.003 -18"><span class='ocrx_word' id='word_1_164' title='bbox 493 1946 706 1995; x_wconf 88' lang='lat' dir='ltr'>obedire.</span> <span class='ocrx_word' id='word_1_165' title='bbox 775 1947 820 1994; x_wconf 91' lang='lat' dir='ltr'><strong>A</strong></span> <span class='ocrx_word' id='word_1_166' title='bbox 843 1946 1055 1994; x_wconf 90' lang='lat' dir='ltr'>secundo</span> <span class='ocrx_word' id='word_1_167' title='bbox 1092 1947 1185 1995; x_wconf 90' lang='lat' dir='ltr'>hoc</span> <span class='ocrx_word' id='word_1_168' title='bbox 1209 1947 1519 2010; x_wconf 84' lang='lat' dir='ltr'>obligationis</span> <span class='ocrx_word' id='word_1_169' title='bbox 1555 1964 1734 2011; x_wconf 86' lang='lat' dir='ltr'>genere</span> <span class='ocrx_word' id='word_1_170' title='bbox 1767 1964 1879 1997; x_wconf 88' lang='lat' dir='ltr'>nas-</span> 
     </span>
     <span class='ocr_line' id='line_1_24' title="bbox 493 2020 1879 2088; baseline 0.004 -20"><span class='ocrx_word' id='word_1_171' title='bbox 493 2020 635 2077; x_wconf 87' lang='lat' dir='ltr'>citur,</span> <span class='ocrx_word' id='word_1_172' title='bbox 659 2021 754 2070; x_wconf 89' lang='lat' dir='ltr'>hoc</span> <span class='ocrx_word' id='word_1_173' title='bbox 779 2030 868 2080; x_wconf 88' lang='lat' dir='ltr'>est,</span> <span class='ocrx_word' id='word_1_174' title='bbox 909 2038 939 2070; x_wconf 88' lang='lat' dir='ltr'>a</span> <span class='ocrx_word' id='word_1_175' title='bbox 977 2029 1127 2081; x_wconf 80' lang='lat' dir='ltr'>metU,</span> <span class='ocrx_word' id='word_1_176' title='bbox 1153 2023 1252 2070; x_wconf 88' lang='lat' dir='ltr'>sive</span> <span class='ocrx_word' id='word_1_177' title='bbox 1284 2023 1611 2071; x_wconf 88' lang='lat' dir='ltr'>imbecilitatis</span> <span class='ocrx_word' id='word_1_178' title='bbox 1648 2025 1879 2088; x_wconf 86' lang='lat' dir='ltr'>propriae,</span> 
     </span>
     <span class='ocr_line' id='line_1_25' title="bbox 491 2097 1875 2162; baseline 0.003 -19"><span class='ocrx_word' id='word_1_179' title='bbox 491 2103 718 2159; x_wconf 89' lang='lat' dir='ltr'>respectu</span> <span class='ocrx_word' id='word_1_180' title='bbox 767 2097 945 2145; x_wconf 88' lang='lat' dir='ltr'>divinae</span> <span class='ocrx_word' id='word_1_181' title='bbox 995 2098 1244 2161; x_wconf 85' lang='lat' dir='ltr'>potentiae,</span> <span class='ocrx_word' id='word_1_182' title='bbox 1288 2099 1600 2158; x_wconf 82' lang='lat' dir='ltr'>conscientia,</span> <span class='ocrx_word' id='word_1_183' title='bbox 1649 2099 1779 2162; x_wconf 92' lang='lat' dir='ltr'>quod</span> <span class='ocrx_word' id='word_1_184' title='bbox 1823 2101 1875 2148; x_wconf 92' lang='lat' dir='ltr'>in</span> 
     </span>
     <span class='ocr_line' id='line_1_26' title="bbox 491 2172 1870 2237; baseline 0.001 -18"><span class='ocrx_word' id='word_1_185' title='bbox 491 2188 643 2235; x_wconf 84' lang='lat' dir='ltr'>regno</span> <span class='ocrx_word' id='word_1_186' title='bbox 667 2172 759 2221; x_wconf 91' lang='lat' dir='ltr'>Dei</span> <span class='ocrx_word' id='word_1_187' title='bbox 782 2174 992 2221; x_wconf 88' lang='lat' dir='ltr'>naturali</span> <span class='ocrx_word' id='word_1_188' title='bbox 1015 2174 1078 2221; x_wconf 86' lang='lat' dir='ltr'>ad</span> <span class='ocrx_word' id='word_1_189' title='bbox 1101 2173 1428 2222; x_wconf 90' lang='lat' dir='ltr'>obediendum</span> <span class='ocrx_word' id='word_1_190' title='bbox 1445 2174 1549 2221; x_wconf 93' lang='lat' dir='ltr'>Deo</span> <span class='ocrx_word' id='word_1_191' title='bbox 1573 2173 1870 2237; x_wconf 83' lang='lat' dir='ltr'>obligemur3</span> 
     </span>
    </p>
   </div>
   <div class='ocr_carea' id='block_1_4' title="bbox 492 2247 1873 2313">
    <p class='ocr_par' dir='ltr' id='par_1_5' title="bbox 492 2247 1873 2313">
     <span class='ocr_line' id='line_1_27' title="bbox 492 2247 1873 2313; baseline 0.001 -18"><span class='ocrx_word' id='word_1_192' title='bbox 492 2247 707 2296; x_wconf 88' lang='lat' dir='ltr'>dictante</span> <span class='ocrx_word' id='word_1_193' title='bbox 731 2248 916 2297; x_wconf 91' lang='lat' dir='ltr'>scilicet</span> <span class='ocrx_word' id='word_1_194' title='bbox 942 2249 1132 2297; x_wconf 88' lang='lat' dir='ltr'>ratione</span> <span class='ocrx_word' id='word_1_195' title='bbox 1156 2250 1379 2297; x_wconf 91' lang='lat' dir='ltr'>omnibus</span> <span class='ocrx_word' id='word_1_196' title='bbox 1410 2250 1502 2297; x_wconf 93' lang='lat' dir='ltr'>Dei</span> <span class='ocrx_word' id='word_1_197' title='bbox 1523 2249 1792 2313; x_wconf 90' lang='lat' dir='ltr'>potentiam</span> <span class='ocrx_word' id='word_1_198' title='bbox 1823 2257 1873 2298; x_wconf 90' lang='lat' dir='ltr'>et</span> 
     </span>
    </p>
   </div>
   <div class='ocr_carea' id='block_1_5' title="bbox 485 2390 1869 2917">
    <p class='ocr_par' dir='ltr' id='par_1_6' title="bbox 485 2390 1869 2917">
     <span class='ocr_line' id='line_1_28' title="bbox 541 2390 1869 2442; baseline 0.003 -16"><span class='ocrx_word' id='word_1_199' title='bbox 541 2390 701 2442; x_wconf 78' lang='lat' dir='ltr'>Propter</span> <span class='ocrx_word' id='word_1_200' title='bbox 725 2390 1054 2440; x_wconf 64' lang='lat' dir='ltr'>imbecillitatem]</span> <span class='ocrx_word' id='word_1_201' title='bbox 1116 2392 1158 2430; x_wconf 89' lang='lat' dir='ltr'>Si</span> <span class='ocrx_word' id='word_1_202' title='bbox 1182 2392 1245 2429; x_wconf 90' lang='lat' dir='ltr'>cui</span> <span class='ocrx_word' id='word_1_203' title='bbox 1272 2390 1410 2429; x_wconf 91' lang='lat' dir='ltr'>durum</span> <span class='ocrx_word' id='word_1_204' title='bbox 1437 2393 1510 2430; x_wconf 86' lang='lat' dir='ltr'>hoc</span> <span class='ocrx_word' id='word_1_205' title='bbox 1533 2392 1737 2435; x_wconf 88' lang='lat' dir='ltr'>videbitur,</span> <span class='ocrx_word' id='word_1_206' title='bbox 1762 2392 1869 2431; x_wconf 89' lang='lat' dir='ltr'>illum</span> 
     </span>
     <span class='ocr_line' id='line_1_29' title="bbox 487 2451 1869 2503; baseline 0.001 -15"><span class='ocrx_word' id='word_1_207' title='bbox 487 2463 582 2501; x_wconf 88' lang='lat' dir='ltr'>rogo</span> <span class='ocrx_word' id='word_1_208' title='bbox 600 2456 644 2488; x_wconf 89' lang='lat' dir='ltr'>ut</span> <span class='ocrx_word' id='word_1_209' title='bbox 660 2451 776 2489; x_wconf 83' lang='lat' dir='ltr'>tacita</span> <span class='ocrx_word' id='word_1_210' title='bbox 794 2452 1025 2502; x_wconf 86' lang='lat' dir='ltr'>cogitatione</span> <span class='ocrx_word' id='word_1_211' title='bbox 1043 2452 1281 2490; x_wconf 87' lang='lat' dir='ltr'>considerare</span> <span class='ocrx_word' id='word_1_212' title='bbox 1294 2452 1395 2498; x_wconf 87' lang='lat' dir='ltr'>velit,</span> <span class='ocrx_word' id='word_1_213' title='bbox 1414 2453 1446 2490; x_wconf 88' lang='lat' dir='ltr'>si</span> <span class='ocrx_word' id='word_1_214' title='bbox 1464 2458 1588 2491; x_wconf 82' lang='lat' dir='ltr'>essent</span> <span class='ocrx_word' id='word_1_215' title='bbox 1604 2452 1681 2490; x_wconf 92' lang='lat' dir='ltr'>duo</span> <span class='ocrx_word' id='word_1_216' title='bbox 1699 2454 1869 2503; x_wconf 91' lang='lat' dir='ltr'>omnipo-</span> 
     </span>
     <span class='ocr_line' id='line_1_30' title="bbox 488 2513 1869 2563; baseline 0.001 -14"><span class='ocrx_word' id='word_1_217' title='bbox 488 2517 620 2558; x_wconf 89' lang='lat' dir='ltr'>tentes,</span> <span class='ocrx_word' id='word_1_218' title='bbox 648 2518 734 2550; x_wconf 84' lang='lat' dir='ltr'>uter</span> <span class='ocrx_word' id='word_1_219' title='bbox 760 2513 833 2550; x_wconf 87' lang='lat' dir='ltr'>utri</span> <span class='ocrx_word' id='word_1_220' title='bbox 863 2513 1016 2551; x_wconf 88' lang='lat' dir='ltr'>obedire</span> <span class='ocrx_word' id='word_1_221' title='bbox 1043 2514 1286 2563; x_wconf 83' lang='lat' dir='ltr'>obligaretur.</span> <span class='ocrx_word' id='word_1_222' title='bbox 1340 2514 1603 2559; x_wconf 87' lang='lat' dir='ltr'>Confitebitur,</span> <span class='ocrx_word' id='word_1_223' title='bbox 1632 2514 1757 2560; x_wconf 88' lang='lat' dir='ltr'>credo,</span> <span class='ocrx_word' id='word_1_224' title='bbox 1776 2527 1869 2552; x_wconf 89' lang='lat' dir='ltr'>neu-</span> 
     </span>
     <span class='ocr_line' id='line_1_31' title="bbox 487 2574 1867 2627; baseline 0.004 -18"><span class='ocrx_word' id='word_1_225' title='bbox 487 2578 589 2610; x_wconf 89' lang='lat' dir='ltr'>trum</span> <span class='ocrx_word' id='word_1_226' title='bbox 607 2574 732 2611; x_wconf 85' lang='lat' dir='ltr'>neutri</span> <span class='ocrx_word' id='word_1_227' title='bbox 751 2574 922 2624; x_wconf 85' lang='lat' dir='ltr'>obligari.</span> <span class='ocrx_word' id='word_1_228' title='bbox 975 2575 1064 2612; x_wconf 92' lang='lat' dir='ltr'>Hoc</span> <span class='ocrx_word' id='word_1_229' title='bbox 1081 2576 1112 2612; x_wconf 90' lang='lat' dir='ltr'>si</span> <span class='ocrx_word' id='word_1_230' title='bbox 1131 2588 1264 2613; x_wconf 89' lang='lat' dir='ltr'>verum</span> <span class='ocrx_word' id='word_1_231' title='bbox 1282 2580 1349 2621; x_wconf 88' lang='lat' dir='ltr'>est,</span> <span class='ocrx_word' id='word_1_232' title='bbox 1365 2589 1496 2614; x_wconf 87' lang='lat' dir='ltr'>verum</span> <span class='ocrx_word' id='word_1_233' title='bbox 1515 2588 1670 2626; x_wconf 89' lang='lat' dir='ltr'>quoque</span> <span class='ocrx_word' id='word_1_234' title='bbox 1689 2581 1745 2614; x_wconf 81' lang='lat' dir='ltr'>est</span> <span class='ocrx_word' id='word_1_235' title='bbox 1764 2578 1867 2627; x_wconf 90' lang='lat' dir='ltr'>quod</span> 
     </span>
     <span class='ocr_line' id='line_1_32' title="bbox 485 2635 1865 2688; baseline 0.004 -18"><span class='ocrx_word' id='word_1_236' title='bbox 485 2635 607 2682; x_wconf 88' lang='lat' dir='ltr'>posui,</span> <span class='ocrx_word' id='word_1_237' title='bbox 626 2635 798 2673; x_wconf 85' lang='lat' dir='ltr'>homines</span> <span class='ocrx_word' id='word_1_238' title='bbox 815 2635 901 2673; x_wconf 90' lang='lat' dir='ltr'>ideo</span> <span class='ocrx_word' id='word_1_239' title='bbox 929 2635 1015 2674; x_wconf 89' lang='lat' dir='ltr'>Deo</span> <span class='ocrx_word' id='word_1_240' title='bbox 1042 2637 1232 2687; x_wconf 88' lang='lat' dir='ltr'>subjectos</span> <span class='ocrx_word' id='word_1_241' title='bbox 1260 2650 1351 2683; x_wconf 87' lang='lat' dir='ltr'>esse,</span> <span class='ocrx_word' id='word_1_242' title='bbox 1380 2639 1469 2687; x_wconf 87' lang='lat' dir='ltr'>quia</span> <span class='ocrx_word' id='word_1_243' title='bbox 1487 2639 1762 2688; x_wconf 89' lang='lat' dir='ltr'>omnipotentes</span> <span class='ocrx_word' id='word_1_244' title='bbox 1788 2652 1865 2677; x_wconf 91' lang='lat' dir='ltr'>non</span> 
     </span>
     <span class='ocr_line' id='line_1_33' title="bbox 485 2695 1864 2749; baseline 0.004 -18"><span class='ocrx_word' id='word_1_245' title='bbox 485 2700 585 2732; x_wconf 90' lang='lat' dir='ltr'>sunt.</span> <span class='ocrx_word' id='word_1_246' title='bbox 639 2695 794 2733; x_wconf 86' lang='lat' dir='ltr'>Etenim</span> <span class='ocrx_word' id='word_1_247' title='bbox 825 2697 1002 2735; x_wconf 88' lang='lat' dir='ltr'>Servator</span> <span class='ocrx_word' id='word_1_248' title='bbox 1025 2703 1153 2735; x_wconf 89' lang='lat' dir='ltr'>noster</span> <span class='ocrx_word' id='word_1_249' title='bbox 1180 2698 1343 2736; x_wconf 85' lang='lat' dir='ltr'>Paulum</span> <span class='ocrx_word' id='word_1_250' title='bbox 1369 2699 1584 2744; x_wconf 88' lang='lat' dir='ltr'>admonens,</span> <span class='ocrx_word' id='word_1_251' title='bbox 1614 2700 1680 2749; x_wconf 87' lang='lat' dir='ltr'>qui</span> <span class='ocrx_word' id='word_1_252' title='bbox 1698 2712 1743 2737; x_wconf 90' lang='lat' dir='ltr'>eo</span> <span class='ocrx_word' id='word_1_253' title='bbox 1770 2705 1864 2737; x_wconf 86' lang='lat' dir='ltr'>tem-</span> 
     </span>
     <span class='ocr_line' id='line_1_34' title="bbox 485 2757 1864 2805; baseline 0.004 -13"><span class='ocrx_word' id='word_1_254' title='bbox 485 2768 578 2804; x_wconf 88' lang='lat' dir='ltr'>pore</span> <span class='ocrx_word' id='word_1_255' title='bbox 596 2757 763 2794; x_wconf 82' lang='lat' dir='ltr'>ecclesiae</span> <span class='ocrx_word' id='word_1_256' title='bbox 782 2757 899 2795; x_wconf 88' lang='lat' dir='ltr'>hostis</span> <span class='ocrx_word' id='word_1_257' title='bbox 912 2765 1002 2803; x_wconf 85' lang='lat' dir='ltr'>erat,</span> <span class='ocrx_word' id='word_1_258' title='bbox 1022 2772 1069 2796; x_wconf 93' lang='lat' dir='ltr'>ne</span> <span class='ocrx_word' id='word_1_259' title='bbox 1087 2764 1218 2797; x_wconf 87' lang='lat' dir='ltr'>contra</span> <span class='ocrx_word' id='word_1_260' title='bbox 1234 2760 1425 2797; x_wconf 87' lang='lat' dir='ltr'>stimulum</span> <span class='ocrx_word' id='word_1_261' title='bbox 1444 2760 1666 2805; x_wconf 86' lang='lat' dir='ltr'>calcitraret,</span> <span class='ocrx_word' id='word_1_262' title='bbox 1685 2761 1864 2798; x_wconf 88' lang='lat' dir='ltr'>obedien-</span> 
     </span>
     <span class='ocr_line' id='line_1_35' title="bbox 485 2817 1862 2871; baseline 0.005 -19"><span class='ocrx_word' id='word_1_263' title='bbox 485 2817 578 2853; x_wconf 87' lang='lat' dir='ltr'>tiam</span> <span class='ocrx_word' id='word_1_264' title='bbox 596 2818 644 2854; x_wconf 84' lang='lat' dir='ltr'>ab</span> <span class='ocrx_word' id='word_1_265' title='bbox 662 2818 726 2855; x_wconf 93' lang='lat' dir='ltr'>illo</span> <span class='ocrx_word' id='word_1_266' title='bbox 745 2831 790 2856; x_wconf 88' lang='lat' dir='ltr'>eo</span> <span class='ocrx_word' id='word_1_267' title='bbox 809 2820 960 2858; x_wconf 85' lang='lat' dir='ltr'>nomine</span> <span class='ocrx_word' id='word_1_268' title='bbox 974 2821 1124 2859; x_wconf 85' lang='lat' dir='ltr'>videtur</span> <span class='ocrx_word' id='word_1_269' title='bbox 1137 2822 1315 2871; x_wconf 85' lang='lat' dir='ltr'>exegisse,</span> <span class='ocrx_word' id='word_1_270' title='bbox 1331 2821 1432 2871; x_wconf 91' lang='lat' dir='ltr'>quod</span> <span class='ocrx_word' id='word_1_271' title='bbox 1445 2821 1491 2859; x_wconf 87' lang='lat' dir='ltr'>ad</span> <span class='ocrx_word' id='word_1_272' title='bbox 1506 2821 1755 2859; x_wconf 83' lang='lat' dir='ltr'>resistendum</span> <span class='ocrx_word' id='word_1_273' title='bbox 1773 2823 1862 2860; x_wconf 89' lang='lat' dir='ltr'>satis</span> 
     </span>
     <span class='ocr_line' id='line_1_36' title="bbox 485 2877 901 2917; baseline 0.01 -4"><span class='ocrx_word' id='word_1_274' title='bbox 485 2877 622 2914; x_wconf 86' lang='lat' dir='ltr'>virium</span> <span class='ocrx_word' id='word_1_275' title='bbox 640 2891 715 2916; x_wconf 87' lang='lat' dir='ltr'>non</span> <span class='ocrx_word' id='word_1_276' title='bbox 735 2879 901 2917; x_wconf 86' lang='lat' dir='ltr'>haberet.</span> 
     </span>
    </p>
   </div>
  </div>
 </body>
</html>
