2020 3262
220 365 347 398 SECT.
364 365 433 398 111.

301 417 351 447 15.

201 1399 345 1432 Quaenam
359 1398 417 1427 sint

199 1442 277 1479 leges
299 1441 445 1469 naturales

200 1486 278 1514 circa
292 1485 348 1512 Dei

202 1528 348 1556 attributa.

473 224 567 265 340
1033 236 1274 270 RELIGIO.

475 342 606 406 quod
639 344 755 392 alias
770 346 1103 405 ‘ostendimUS,
1123 347 1364 412 gaudium
1387 348 1437 395 in
1462 364 1520 396 eo
1552 348 1698 396 situm
1731 363 1850 409 esse,

476 419 607 482 quod
623 420 728 483 quis
742 421 987 481 virtutem,
1005 423 1119 481 vim,
1137 423 1402 481 scientiam,
1417 424 1640 483 formam,
1656 425 1851 485 amicos,

476 494 683 554 divitias,
720 504 804 544 aut
840 514 1194 561 quamcumque
1219 498 1362 545 aliam
1392 501 1669 562 potentiam
1700 516 1852 559 suam,

473 570 551 617 vel
581 576 812 634 tanquam
836 589 987 632 suam,
1014 574 1387 636 contempletur,
1411 590 1570 638 neque
1593 574 1726 622 aliud
1749 589 1853 623 esse

473 652 651 707 praeter
670 646 891 710 gloriam
926 664 1011 696 seu
1045 649 1345 711 triumphum
1380 650 1529 697 animi
1551 650 1768 714 putantis
1802 665 1854 697 se

473 722 717 782 honorari,
742 724 835 771 hoc
860 731 947 783 est,
971 725 1124 772 amari
1148 732 1197 772 et
1219 725 1397 780 timeri,
1421 725 1517 773 hoc
1542 732 1630 783 est,
1658 724 1857 773 servitia

475 805 527 844 et
549 798 727 845 auxilia
748 798 1000 846 hominum
1015 808 1194 862 praesto
1213 800 1408 847 habere.
1481 800 1724 849 Quoniam
1739 814 1856 848 vero

473 873 709 931 homines,
731 890 875 936 quem
898 874 1143 933 honorari,
1168 874 1219 921 id
1243 883 1332 933 est,
1352 891 1441 938 pro
1465 882 1666 938 potente
1687 873 1858 923 haberi

476 948 536 995 ab
572 948 677 995 aliis
710 949 893 1007 vident,
928 957 1179 1012 potentem
1221 966 1323 997 esse
1359 950 1581 1010 credunt,
1617 949 1860 1012 contingit

475 1023 711 1070 honorem
749 1024 884 1071 cultu
919 1025 1209 1087 propagari;
1257 1032 1306 1072 et
1340 1026 1574 1088 potentiae
1612 1025 1857 1073 existima-

477 1099 626 1156 tione,
656 1099 927 1161 potentiam
961 1100 1147 1163 acquiri
1180 1116 1360 1148 veram.
1429 1101 1573 1148 Finis
1597 1116 1714 1163 ergo
1739 1101 1858 1163 ejus›‚

479 1173 562 1236 qui
585 1189 635 1221 se
660 1174 754 1221 coli
777 1174 854 1222 vel
872 1175 1012 1237 jubet
1034 1175 1112 1222 vel
1130 1175 1331 1238 patitur,
1350 1175 1391 1223 is
1416 1183 1504 1234 est,
1529 1183 1587 1223 ut
1609 1175 1861 1239 quamplu-

478 1249 625 1296 rimos
649 1265 705 1296 eo
728 1248 873 1296 modo
898 1249 988 1296 sibi
1010 1250 1086 1297 vel
1117 1266 1282 1298 amore
1305 1250 1382 1298 vel
1414 1257 1549 1298 metu
1580 1250 1860 1298 obedientes

479 1323 670 1370 reddat.

553 1404 627 1446 14.
664 1398 733 1445 Ut
756 1398 963 1446 sciamus
988 1405 1150 1447 autem
1169 1415 1313 1463 quem
1333 1399 1513 1448 cultum
1538 1400 1630 1447 Dei
1649 1400 1863 1463 assignet

481 1473 616 1521 ratio
640 1472 908 1531 naturali&
936 1473 1222 1536 incipiamus
1257 1475 1318 1521 ab
1353 1474 1613 1522 attributis
1627 1493 1646 1529 ;
1680 1475 1766 1523 ubi
1787 1475 1862 1523 in-

480 1548 649 1612 primis
683 1547 994 1595 manifestum
1022 1557 1097 1596 est
1125 1548 1486 1596 attribuendam
1514 1549 1559 1596 ei
1582 1565 1684 1597 esse
1703 1550 1864 1597 exsis-

483 1624 702 1672 tentiam.
760 1623 998 1671 Voluntas
1017 1624 1145 1671 enim
1162 1623 1436 1671 honorandi
1460 1640 1586 1682 eum,
1603 1641 1746 1687 quem
1762 1640 1863 1672 non

481 1706 707 1763 putamus
732 1714 849 1757 esse,
878 1699 1012 1746 nulla
1035 1715 1138 1746 esse
1170 1705 1347 1762 potest.
1415 1698 1619 1757 Deinde,
1653 1699 1865 1762 philoso-

483 1774 728 1837 phos,=qui
751 1774 909 1836 ipsum
932 1773 1171 1821 mundum
1186 1773 1263 1820 vel
1281 1773 1451 1820 mundi
1468 1773 1695 1833 animam,
1718 1773 1771 1822 id
1792 1781 1866 1822 est

482 1857 687 1914 partem,
725 1849 953 1897 dixerunt
987 1865 1090 1897 esse
1126 1850 1301 1907 Deum,
1333 1849 1532 1912 indigne
1567 1848 1627 1896 de
1662 1849 1767 1897 Deo
1796 1849 1867 1898 lo-

485 1932 661 1988 quutos
696 1941 814 1972 esse.
884 1925 999 1973 Non
1034 1925 1164 1972 enim
1201 1925 1462 1987 quicquam
1498 1924 1543 1972 ei
1575 1925 1865 1984 attribuunt,

485 2000 571 2048 sed
604 2001 801 2048 omnino
838 2016 941 2048 esse
975 2006 1173 2063 negant.
1244 2000 1372 2046 Nam
1406 2015 1494 2062 per
1527 2015 1707 2047 nomen
1729 1999 1865 2058 illud,

487 2077 643 2133 Deus,
679 2075 967 2138 intelligitur
1006 2074 1173 2121 mundi
1214 2091 1368 2121 causa
1384 2092 1403 2129 ;
1452 2074 1668 2122 dicentes
1703 2082 1868 2122 autem

486 2151 709 2197 mundum
733 2167 841 2197 6336
864 2150 1038 2208 Deum,
1065 2150 1234 2197 dicunt
1265 2148 1450 2196 nullam
1481 2166 1590 2196 6336
1613 2150 1719 2211 ejus
1750 2166 1868 2197 cau-

486 2242 606 2284 sam,
629 2226 722 2273 hoc
755 2231 843 2283 est,
875 2225 1035 2271 Deum
1069 2242 1163 2272 non
1197 2241 1320 2271 6336.
1393 2225 1638 2283 Similiter,
1663 2240 1760 2283 eOS,
1785 2225 1868 2288 qui

486 2301 723 2348 mundum
745 2317 844 2347 non
869 2308 1087 2347 creatum
1112 2299 1197 2347 sed
1231 2305 1469 2346 aeternum
1505 2315 1607 2346 esse
1631 2307 1866 2358 asserunt,

488 2376 715 2438 quoniam
755 2375 924 2422 aeterni
970 2390 1116 2421 causa
1155 2389 1257 2421 esse
1303 2389 1403 2420 non
1447 2380 1624 2436 potest,
1668 2390 1868 2421 causam

487 2451 654 2498 mundi
689 2467 812 2509 6336,
848 2450 900 2497 id
941 2456 1029 2508 est,
1065 2450 1224 2496 Deum
1259 2465 1367 2495 6336
1400 2464 1593 2511 negare.
1662 2448 1868 2511 Indigne

488 2525 605 2572 item
640 2526 699 2573 de
734 2525 838 2573 Deo
875 2525 1069 2583 sentire,
1095 2524 1192 2587 qui,
1221 2524 1372 2571 otium
1406 2523 1499 2586 ipsi
1532 2523 1868 2583 attribuentes,

488 2600 658 2647 mundi
681 2600 969 2663 generisque
993 2599 1193 2646 humani
1217 2599 1434 2661 regimen
1452 2598 1607 2645 eidem
1625 2598 1867 2647 auferunt.

491 2675 618 2724 Nam
642 2682 697 2722 ut
720 2674 1101 2736 omnipotentem
1125 2689 1227 2720 esse
1257 2673 1517 2731 fateantur,
1544 2672 1584 2719 si
1608 2680 1771 2720 tamen
1795 2674 1869 2722 in-

490 2749 667 2796 feriora
682 2749 787 2796 haec
806 2765 905 2796 non
923 2755 1074 2807 curet,
1093 2748 1255 2795 locum
1279 2747 1425 2794 habet
1447 2746 1576 2809 apud
1600 2762 1681 2795 eos
1699 2748 1869 2796 tritum

491 2824 607 2871 illud
628 2844 637 2871 :
675 2824 810 2888 quod
831 2841 986 2888 supra
1011 2840 1115 2882 nos,
1142 2821 1270 2870 nihil
1291 2821 1363 2870 ad
1382 2838 1470 2869 nos
1485 2840 1504 2876 ,·
1541 2838 1747 2886 eumque
1770 2840 1870 2872 non

2003 2530 2006 2531 ’
2003 2210 2020 2490 ...mmmmm-3
2001 2156 2020 2201 ’..-..
