2020 3262
532 258 621 310 176
1086 274 1370 308 LIBERTAS.

257 401 385 435 SEc'r.
406 403 475 436 111.
522 390 655 432 tum:
710 384 803 432 hoc
840 384 970 432 enim
1010 385 1181 443 solum,
1225 401 1323 432 non
1360 399 1437 431 res
1474 384 1589 446 ipsae
1635 385 1687 432 in
1731 393 1901 444 nostra

276 454 458 522 „Eg-
522 466 761 522 potestate
785 467 913 507 sunt.

239 545 462 596 onitas-modis
596 541 669 582 15.
706 535 866 583 Pactis
903 535 1164 583 liberamur
1188 535 1372 582 duabus
1403 535 1563 593 rebus,
1587 535 1664 583 vel
1701 536 1741 583 si
1775 552 1899 600 prae-

237 589 506 626 ⁹⁸⁰t²⁸¹²be¹⁶m¹¹²
523 611 706 669 stitum,
731 611 807 657 vel
831 611 871 658 si
894 611 1222 658 condonatum
1247 610 1325 657 sit.
1373 610 1424 657 Si
1447 610 1749 672 praestitum3
1786 612 1900 675 quia

513 685 650 734 ,ultra
689 686 740 734 id
780 701 869 733 nos
909 703 1010 733 non
1044 686 1377 748 obligavimus
1450 685 1500 733 Si
1539 686 1896 748 condonatum3

521 762 636 825 quia
674 762 714 809 is
738 762 817 808 cui
840 761 1127 824 obligamur,
1153 760 1477 808 condonando
1510 760 1798 824 intelligitur
1826 761 1899 810 fa-

521 853 645 895 cere,
686 844 743 884 ut
761 837 851 899 jus
887 853 917 883 a
955 835 1095 883 nobis
1132 836 1183 882 in
1220 852 1331 882 eum
1367 835 1671 894 translatum,
1709 836 1773 884 ad
1807 852 1898 886 nos

519 911 679 959 denuo
715 911 916 958 redeat:
956 918 1030 958 est
1064 911 1193 957 enim
1228 910 1536 968 condonatio,
1562 910 1780 970 donatio,
1803 900 1899 960 hoc

518 995 608 1046 est,
632 1003 720 1050 per
742 987 1003 1034 articulum
1026 993 1074 1044 4,
1109 986 1281 1048 capitis
1316 986 1476 1048 hujus,
1497 985 1620 1048 juris
1643 986 1896 1036 translatio

517 1061 581 1110 ad
603 1078 713 1109 eum
737 1061 816 1109 cui
841 1061 1039 1108 donatio
1062 1060 1192 1108 facta
1216 1067 1303 1107 est.
1825 1123 1828 1126 Ι

237 1154 383 1183 Promissa
395 1157 475 1182 metu
589 1142 662 1184 16.
701 1136 867 1185 Quaeri
891 1136 1013 1183 solet
1044 1151 1107 1182 an
1145 1143 1291 1197 pacta
1329 1151 1386 1182 ea
1423 1150 1532 1196 quae
1567 1141 1700 1182 metu
1733 1141 1897 1183 extor-

235 1198 486 1269 ζοζῖζῖῃῗζῗζξξ
518 1218 743 1274 quentur,
768 1211 1058 1273 obligatoria
1082 1210 1194 1268 sint,
1218 1225 1388 1257 necne.
1424 1210 1648 1272 Exempli
1671 1226 1830 1270 causa,
1855 1211 1897 1262 si

234 1283 333 1312 ”¹³⁶³
344 1293 404 1312 ”⁰¹¹
416 1293 487 1312 ⁶⁸⁵0·
516 1286 581 1334 ad
620 1287 771 1334 vitam
811 1302 841 1333 a
875 1286 1064 1333 latrone
1095 1284 1443 1343 redimendam,
1462 1291 1649 1348 pactus
1683 1286 1728 1332 ei
1757 1285 1896 1333 fuero

515 1361 810 1408 traditurum
832 1376 910 1407 me
934 1360 1004 1406 illi
1039 1359 1170 1406 mille
1204 1375 1376 1406 aureos
1400 1365 1594 1421 postero
1621 1359 1714 1418 die,
1739 1375 1896 1423 neque

515 1436 760 1483 facturum
784 1435 1042 1497 quicquam
1078 1450 1173 1496 quo
1197 1434 1574 1496 comprehensus
1597 1433 1649 1482 in
1679 1435 1759 1497 jus
1783 1434 1897 1486 duci

515 1510 684 1573 possit,
724 1518 890 1557 utrum
934 1517 1104 1556 tenear
1144 1525 1313 1556 necne.
1387 1509 1696 1572 Quamquam
1731 1518 1896 1575 autem

516 1585 778 1648 aliquando
810 1591 1016 1649 pactum
1040 1584 1277 1647 ejusmodi
1313 1584 1578 1631 invalidum
1603 1586 1788 1632 censeri
1811 1585 1896 1633 de-

514 1661 643 1719 beat,
668 1676 767 1708 non
790 1667 955 1707 tamen
980 1676 1036 1707 eo
1071 1659 1266 1706 nomine
1290 1659 1557 1706 invalidum
1580 1659 1688 1719 erit,
1713 1660 1845 1724 quod
1866 1658 1919 1709 a'

515 1743 651 1783 metu
673 1735 966 1798 processerit
986 1755 998 1790 ;
1033 1741 1292 1797 propterea
1316 1734 1449 1796 quod
1471 1732 1586 1781 inde
1610 1742 1895 1797 sequeretur

507 1817 668 1875 pacta
693 1827 764 1870 ea,
790 1811 963 1872 quibus
986 1810 1037 1857 in
1059 1809 1210 1857 vitam
1234 1808 1423 1856 civilem
1449 1809 1671 1858 homines
1694 1826 1897 1873 congre-

515 1893 695 1948 gantur
725 1893 775 1933 et
807 1886 939 1948 leges
977 1885 1209 1943 condunt,
1246 1884 1459 1932 invalida
1483 1900 1614 1932 esse:
1655 1885 1895 1947 (procedit

517 1962 647 2008 enim
670 1978 700 2008 a
722 1967 855 2008 metu
878 1968 1061 2008 mutuae
1085 1960 1247 2018 caedis,
1272 1959 1404 2023 quod
1440 1960 1562 2007 alter
1598 1960 1795 2007 alterius
1818 1976 1894 2007 re·-

513 2036 687 2099 gimini
734 2052 784 2083 se
831 2036 1085 2083 submittat
1106 2036 1138 2097 :)
1188 2051 1346 2098 neque
1392 2051 1504 2081 cum
1548 2034 1736 2082 ratione
1782 2050 1893 2083 eum

514 2111 691 2168 facere,
717 2110 799 2173 qui
818 2110 1026 2172 captivo,
1037 2109 1323 2174 paciscenti
1347 2109 1558 2171 pretium
1579 2108 1893 2157 redemtionis

514 2202 616 2234 suae
638 2186 786 2233 fidem
810 2185 1021 2232 adhibet.
1093 2183 1442 2231 Universaliter
1472 2199 1642 2231 verum
1673 2190 1746 2231 est
1773 2184 1892 2231 obli-

512 2277 631 2324 gare
664 2268 824 2324 pacta,
850 2260 1044 2323 quando
1082 2266 1337 2322 acceptum
1369 2267 1442 2306 est
1476 2259 1673 2317 bonum,
1698 2265 1747 2306 et
1776 2275 1891 2322 pro-

514 2337 725 2395 mittere,
744 2343 794 2383 et
816 2335 866 2383 id
887 2335 1019 2398 quod
1036 2335 1337 2397 promittitur
1351 2334 1539 2382 licitum
1556 2341 1645 2381 est.
1681 2334 1892 2381 Licitum

514 2418 678 2459 autem
702 2419 776 2459 est
800 2417 849 2458 et
871 2411 935 2458 ad
969 2410 1301 2457 redimendam
1332 2409 1482 2457 vitam
1516 2409 1816 2471 promittere,
1842 2415 1892 2457 et
1950 2435 1953 2438 -

515 2487 576 2534 de
598 2503 707 2534 meo
744 2486 859 2533 dare
894 2485 1124 2548 quicquid
1145 2485 1344 2533 voluero
1383 2485 1622 2547 cuiquam,
1648 2484 1796 2531 etiam
1818 2484 1891 2532 la—

515 2562 660 2611 troni.
731 2562 1017 2624 Obligamur
1055 2577 1171 2624 ergo
1210 2560 1366 2623 pactis
1406 2576 1435 2607 a
1468 2565 1603 2606 metu
1641 2559 1888 2622 profectis,

514 2638 608 2685 nisi
630 2638 709 2685 lex
732 2637 885 2685 civilis
909 2636 1071 2699 aliqua
1092 2636 1361 2699 prohibeat,
1394 2650 1480 2698 per
1504 2650 1649 2697 quam
1683 2634 1734 2682 id
1758 2634 1889 2698 quod

513 2712 816 2776 promittitur
838 2712 925 2759 fiat
946 2711 1183 2758 illicitum.

588 2790 661 2841 17.
700 2787 797 2836 Qui
833 2787 918 2834 uni
941 2787 1184 2834 facturum
1208 2801 1258 2833 se
1290 2784 1367 2831 vel
1391 2784 1682 2832 omissurum
1705 2784 1887 2847 aliquid
