2020 3262
452 218 547 260 296
986 231 1287 265 IMPERIUM.

194 357 319 389 snc'r.
341 358 408 390 111.
450 338 678 401 polleant.
748 340 805 388 In
830 341 1115 404 factionem
1161 343 1477 404 conjungunt,
1515 340 1630 388 dum
1674 340 1824 388 inter-

205 409 391 476 *¹5²—
450 414 653 462 nuncios
698 431 748 462 se
788 422 837 462 et
872 416 1162 479 interpretes
1201 416 1386 463 faciunt
1428 415 1736 463 consiliorum
1775 421 1826 462 et

172 499 324 549 Qomodq
337 500 404 528 stul-
449 489 695 537 actionum
744 491 1058 553 singulorum,
1105 491 1450 553 nominantque
1504 505 1734 553 personas
1777 494 1829 536 et

170 543 335 623 3333?ss
346 546 404 614 221.
449 563 557 612 loca
580 564 642 612 ad
666 565 1048 613 conveniendum
1073 574 1122 613 et
1152 567 1212 613 de
1234 566 1291 613 iis
1314 567 1473 623 rebus,
1500 565 1674 627 quibus
1697 564 1827 626 regi-

170 628 434 700 fflssffifflsg’ffi‘
451 655 562 692 men
587 640 808 698 civitatis,
832 648 981 703 prout
1013 642 1105 688 sibi
1140 641 1381 688 videbitur
1404 640 1727 698 commodum,
1750 654 1830 686 re-

170 714 385 786 ffiffigffm‘ffi*
450 713 702 774 formetur,
739 715 1119 763 deliberandum.
1190 717 1258 763 Ut
1280 731 1394 763 vero
1418 714 1712 778 infactione
1734 713 1829 776 ipsi

346 790 348 792 ’
452 789 775 848 dominentur,
789 791 965 854 factio
990 791 1040 838 in
1059 791 1298 854 factione
1320 790 1542 838 habenda
1565 798 1666 844 est;
1702 787 1829 836 scili-

452 873 529 912 cet
567 866 766 913 seorsim
807 882 918 914 cum
956 866 1263 928 paucioribus
1308 871 1573 913 conventus
1617 870 1836 912 secretos

451 941 629 988 habere
664 947 872 1004 oportet,
896 941 980 988 ubi
1020 941 1244 989 ordinare
1280 940 1481 1003 possint,
1507 938 1624 1002 quid
1659 943 1834 1000 postea

452 1015 503 1062 in
527 1023 771 1063 conventu
794 1017 1007 1078 generali
1030 1016 1399 1079 proponendum
1427 1015 1490 1063 sit
1514 1022 1563 1062 et
1586 1030 1616 1061 a
1638 1013 1832 1076 quibus,

452 1096 501 1136 et
524 1090 641 1152 quid
658 1090 864 1153 quisque
884 1106 1051 1138 eorum
1074 1098 1124 1138 et
1148 1107 1243 1153 quo
1269 1090 1439 1137 ordine
1463 1090 1638 1136 debeat
1653 1088 1832 1145 dicere,

452 1172 502 1211 et
543 1165 784 1226 quomodo
829 1166 1189 1228 potentissimos
1229 1173 1277 1213 et
1312 1164 1664 1212 existimatione
1701 1162 1833 1226 apud

434 1238 690 1300 factionis
712 1240 885 1302 vulgus
907 1240 1272 1287 florentissimos
1295 1240 1359 1286 ad
1383 1256 1519 1287 suam
1543 1237 1833 1286 sententiam

452 1313 640 1375 possint
662 1314 869 1361 trahere.
938 1315 1102 1376 Atque
1122 1315 1217 1362 hoc
1247 1314 1391 1361 modo
1416 1330 1528 1361 cum
1547 1313 1830 1377 factionem

455 1387 571 1434 satis
594 1403 821 1450 magnam
841 1389 1067 1447 habeant,
1092 1389 1143 1435 in
1168 1405 1263 1451 qua
1284 1404 1371 1451 per
1395 1387 1720 1451 eloquentiam
1744 1386 1836 1434 (10-Δ

455 1461 715 1521 minentur,
739 1462 945 1510 incitant
979 1479 1086 1510 eam
1108 1463 1170 1510 ad
1204 1478 1280 1509 res
1313 1461 1645 1525 capessendas,
1686 1469 1832 1524 atque

454 1536 524 1584 ita
546 1537 895 1599 rempublicam
917 1529 1178 1601 aliquando
1213 1537 1407 1600 quidem
1441 1538 1732 1600 opprimunt,
1756 1537 1834 1584 ni-

455 1612 646 1670 mirum,
671 1628 783 1659 eum
816 1612 965 1659 factio
990 1613 1233 1660 contraria
1267 1612 1399 1661 nulla
1422 1613 1514 1666 sit;
1549 1612 1835 1675 plerumque

454 1703 568 1734 vero
591 1688 823 1745 lacerant,
848 1695 898 1735 et
919 1688 1101 1736 bellum
1126 1688 1264 1736 civile
1301 1687 1633 1735 introducunt.
1702 1687 1836 1734 Con-

456 1769 658 1810 currunt
682 1763 811 1810 enim
850 1763 1069 1810 stultitia
1093 1770 1143 1810 et
1167 1762 1446 1826 eloquentia
1477 1762 1539 1810 ad
1562 1762 1832 1809 subversio·

455 1854 567 1885 nem
591 1838 816 1896 civitatis,
842 1854 899 1886 eo
923 1838 1068 1886 modo
1087 1854 1182 1900 quo
1208 1837 1548 1900 conspirarunt
1571 1836 1838 1900 quondam,

454 1920 512 1960 ut
548 1919 621 1960 est
653 1913 705 1960 in
741 1912 919 1971 fabula,
942 1913 1056 1960 filiae
1091 1912 1234 1960 Peliae
1268 1912 1396 1975 regis
1431 1911 1690 1959 Thessaliae
1723 1923 1839 1959 cum

457 1988 648 2045 Medea,
685 1995 855 2034 contra
892 1995 1077 2050 patrem
1124 2002 1278 2034 suum.
1346 1986 1576 2034 Volentes
1614 1986 1710 2034 illae
1751 1987 1852 2035 de-‘

457 2063 642 2125 crepito
667 2062 770 2110 seni
809 2062 1062 2111 restituere
1086 2062 1478 2120 adolescentiam,
1499 2062 1696 2110 consilio
1727 2063 1840 2110 Me..

458 2138 561 2185 deae
584 2138 636 2185 in
659 2137 815 2184 frusta
838 2137 1086 2184 concisum
1103 2137 1206 2200 igni
1231 2137 1536 2199 coquendum
1563 2137 1836 2199 imponunt,

457 2219 793 2275 exspectantes
811 2212 992 2259 frustra
1017 2212 1132 2259 dum
1154 2213 1476 2260 revivisceret.
1524 2211 1707 2259 Eodem
1729 2228 1834 2259 mo-

458 2287 520 2334 do
557 2288 730 2350 vulgus
769 2287 977 2335 stultitia
1013 2304 1114 2346 sua,
1154 2288 1286 2335 velut
1319 2287 1492 2350 puellae
1515 2287 1672 2344 Peliae,
1698 2287 1835 2349 cupi·-

458 2370 593 2410 entes
618 2363 862 2410 civitatem
885 2371 1098 2410 veterem
1123 2379 1371 2421 renovare,
1397 2362 1530 2409 ducti
1553 2362 1833 2425 eloquentia

458 2437 823 2484 ambitiosorum
846 2437 1096 2484 hominum
1117 2445 1348 2500 tanquam
1370 2436 1601 2484 veneficio
1626 2436 1835 2494 Medeae,

459 2528 564 2559 eam
563 2511 882 2575 factionibus
898 2512 1100 2559 divisam
1114 2512 1338 2560 incendio
1353 2511 1524 2574 saepius
1543 2518 1840 2563 consumunt,

460 2603 604 2649 quam
627 2586 906 2634 reformant.
