2020 3262
321 235 412 277 138
739 245 1003 280 EPISTOLA
1030 247 1421 281 DEmCA'romA.

313 377 538 435 titudine,
562 395 774 442 unquam
797 382 1112 444 pugnandum
1136 398 1251 430 esse.
1323 383 1467 429 Nunc
1486 382 1616 444 quod
1638 382 1816 430 bellum

311 478 484 541 gladiis
506 479 581 527 vel
604 480 799 528 calamis
822 490 1111 544 perpetuum
1135 482 1224 529 sit:
1264 482 1394 544 quod
1424 498 1522 529 non
1546 482 1607 529 sit
1624 481 1746 544 juris
1768 489 1817 530 et

310 578 472 641 legum
490 580 782 627 naturalium
804 582 897 643 maj
904 597 958 628 or
976 582 1178 629 scientia
1193 581 1337 629 hodie
1356 598 1502 644 quam
1519 581 1633 629 olim
1651 600 1661 628 :
1687 580 1817 644 quod

311 679 562 726 sententiis
579 679 977 743 philosophorum
993 687 1199 743 utraque
1217 697 1328 744 pars
1347 696 1486 728 suum
1500 681 1579 743 jus
1597 687 1813 728 tueatur:

310 775 441 838 quod
481 777 563 824 alii
601 777 815 835 laudent,
851 777 933 825 alii
968 778 1246 840 vituperent
1291 778 1495 826 eandem
1540 778 1813 826 actionem:

309 874 439 937 quod
473 874 603 922 idem
633 891 764 923 nunc
794 875 969 938 probet
1004 891 1112 938 quae
1142 874 1235 922 alio
1267 882 1486 938 tempore
1518 874 1731 933 damnat,
1765 881 1816 922 et

310 987 397 1020 sua
428 972 559 1020 facta
584 972 635 1019 in
667 972 773 1020 aliis
804 972 946 1019 aliter
977 972 1212 1020 aestimet:
1249 973 1389 1036 signa
1424 972 1815 1020 manifestissima

308 1076 435 1126 sunt,
458 1069 579 1117 nihil
602 1070 838 1133 profuisse
862 1069 924 1117 ad
948 1069 1199 1117 scientiam
1216 1070 1434 1118 veritatis
1453 1086 1562 1133 quae
1578 1070 1813 1117 hactenus

307 1169 487 1231 scripta
510 1178 623 1217 sunt
644 1186 673 1217 a
694 1170 991 1232 philosophis
1011 1170 1272 1217 moralibus
1290 1191 1301 1225 ;
1326 1170 1563 1233 placuisse
1584 1184 1696 1216 vero
1713 1184 1814 1216 non

305 1266 623 1314 illuminando
647 1267 876 1326 animum,
901 1267 986 1314 sed
1010 1275 1211 1315 venusta
1243 1274 1292 1315 et
1321 1266 1533 1314 secunda
1560 1266 1812 1314 affectibus

306 1366 524 1414 oratione
547 1367 796 1430 opiniones
820 1375 1001 1415 temere
1024 1374 1242 1431 receptas
1267 1367 1611 1415 confirmando.
1681 1366 1812 1415 Huic

305 1481 422 1529 ergo
445 1466 761 1529 philosophiae
785 1466 914 1529 parti
936 1467 1065 1514 idem
1089 1467 1293 1530 contigit
1316 1466 1447 1529 quod
1469 1466 1557 1514 viis
1587 1466 1808 1529 publicis,

306 1565 480 1628 quibus
515 1581 681 1613 omnes
712 1565 1053 1628 ingrediuntur
1080 1572 1291 1628 euntque
1314 1581 1537 1627 prorsum
1560 1571 1609 1612 et
1630 1571 1811 1612 retror-

305 1678 412 1710 sum
429 1683 440 1718 3
466 1663 547 1710 alii
570 1663 718 1710 animi
742 1679 888 1710 causa
904 1662 1221 1721 inambulant,
1241 1661 1322 1709 alii
1338 1661 1573 1720 rixantur,
1588 1660 1673 1708 sed
1688 1660 1810 1708 nihil

305 1762 497 1810 seritur.
567 1762 716 1825 Cujus
750 1763 822 1810 rei
854 1763 1001 1810 unica
1031 1762 1137 1810 haec
1170 1761 1363 1810 videtur
1387 1777 1490 1808 esse
1512 1761 1654 1820 ratio,
1680 1760 1810 1823 quod

302 1877 446 1909 nemo
479 1878 663 1920 eorum,
699 1863 783 1926 qui
813 1863 1067 1910 materiam
1091 1863 1218 1910 hanc
1241 1868 1531 1918 tractarunt,
1555 1859 1808 1908 commodo

302 1977 416 2009 usus
448 1962 511 2009 sit
545 1941 752 2009 docendi
786 1962 1039 2026 principio.
1109 1962 1222 2010 Non
1254 1961 1398 2020 enim,
1432 1967 1488 2008 ut
1522 1960 1573 2007 in
1610 1959 1806 2018 circulo,

302 2059 496 2108 initium
515 2061 729 2109 scientiae
752 2061 952 2109 arbitrio
976 2067 1142 2108 nostro
1166 2060 1290 2108 sumi
1311 2067 1485 2126 potest.
1555 2059 1733 2122 Incipit
1754 2059 1806 2107 in

301 2160 417 2223 ipsis
453 2160 707 2208 dubitandi
739 2160 953 2208 tenebris
982 2161 1119 2208 filum
1151 2160 1397 2223 quoddam
1418 2159 1634 2218 rationis,
1669 2158 1805 2221 cujus

233 2257 235 2260 ’
302 2259 455 2307 ductu
490 2260 711 2308 evaditur
750 2260 802 2307 in
837 2260 995 2308 lucem
1031 2259 1372 2315 clarissimam;
1414 2253 1481 2306 ibi
1513 2256 1804 2321 principium

302 2359 509 2407 docendi
537 2366 637 2415 est3
673 2359 787 2407 inde
821 2359 884 2407 ad
918 2359 1150 2408 solvenda
1184 2359 1331 2407 dubia
1362 2372 1592 2406 converso
1630 2355 1803 2403 itinere

300 2458 384 2505 lux
406 2458 661 2506 referenda
684 2466 772 2507 est.
844 2459 1048 2507 Quoties
1072 2474 1188 2521 ergo
1212 2457 1417 2520 scriptor
1439 2455 1573 2503 filum
1590 2453 1709 2501 illud
1725 2453 1802 2501 vel

300 2558 493 2605 inscitia
516 2558 694 2606 deserit
716 2558 793 2606 vel
817 2558 1163 2621 cupiditatibus
1181 2555 1438 2618 abrumpit,
1456 2569 1555 2602 non
1572 2552 1802 2609 scientiae,

299 2658 385 2706 sed
409 2659 706 2706 errationum
729 2674 924 2706 suarum
952 2657 1155 2720 vestigia
1180 2656 1332 2704 literis
1356 2652 1598 2702 describit.
1669 2652 1802 2700 Qua-

298 2765 511 2821 propter,
550 2774 661 2805 cum
697 2757 1017 2821 cogitationes
1054 2771 1185 2804 meas
1217 2754 1279 2802 ad
1308 2752 1670 2816 inquisitionem
1698 2752 1801 2814 jus-

298 2855 421 2903 titiae
460 2855 694 2904 naturalis
736 2855 1097 2914 convertissem,
1136 2851 1410 2902 admonitus
1448 2865 1554 2899 sum
1595 2849 1655 2897 ab
1696 2849 1802 2912 ipsa
