<?xml version="1.0" encoding="UTF-8"?>
<!DOCTYPE html PUBLIC "-//W3C//DTD XHTML 1.0 Transitional//EN"
    "http://www.w3.org/TR/xhtml1/DTD/xhtml1-transitional.dtd">
<html xmlns="http://www.w3.org/1999/xhtml" xml:lang="en" lang="en">
 <head>
  <title>
</title>
<meta http-equiv="Content-Type" content="text/html;charset=utf-8" />
  <meta name='ocr-system' content='tesseract 3.04.00' />
  <meta name='ocr-capabilities' content='ocr_page ocr_carea ocr_par ocr_line ocrx_word'/>
</head>
<body>
  <div class='ocr_page' id='page_1' title='image "./operaphilosophic02hobbuoft_0414.png"; bbox 0 0 1994 3276; ppageno 0'>
   <div class='ocr_carea' id='block_1_1' title="bbox 479 255 1285 304">
    <p class='ocr_par' dir='ltr' id='par_1_1' title="bbox 479 255 1285 304">
     <span class='ocr_line' id='line_1_1' title="bbox 479 255 1285 304; baseline 0.007 -6"><span class='ocrx_word' id='word_1_1' title='bbox 479 255 577 299; x_wconf 88' lang='grc'><strong>400</strong></span> <span class='ocrx_word' id='word_1_2' title='bbox 1041 269 1285 304; x_wconf 85' lang='lat' dir='ltr'><strong>RELIGIO.</strong></span> 
     </span>
    </p>
   </div>
   <div class='ocr_carea' id='block_1_2' title="bbox 218 374 1854 516">
    <p class='ocr_par' dir='ltr' id='par_1_2' title="bbox 218 374 1854 516">
     <span class='ocr_line' id='line_1_2' title="bbox 218 374 1853 444; baseline 0.008 -25"><span class='ocrx_word' id='word_1_3' title='bbox 218 395 343 428; x_wconf 73' lang='lat' dir='ltr'><strong>SECT,</strong></span> <span class='ocrx_word' id='word_1_4' title='bbox 367 396 433 429; x_wconf 77' lang='lat'><strong>111,</strong></span> <span class='ocrx_word' id='word_1_5' title='bbox 477 374 780 423; x_wconf 75' lang='lat' dir='ltr'><strong>auctoritate</strong></span> <span class='ocrx_word' id='word_1_6' title='bbox 803 376 1027 425; x_wconf 65' lang='lat' dir='ltr'><strong>ecelesiae</strong></span> <span class='ocrx_word' id='word_1_7' title='bbox 1046 380 1383 428; x_wconf 77' lang='lat' dir='ltr'><strong>Antiochenoe.</strong></span> <span class='ocrx_word' id='word_1_8' title='bbox 1447 381 1701 444; x_wconf 90' lang='lat' dir='ltr'><strong>Prophetae</strong></span> <span class='ocrx_word' id='word_1_9' title='bbox 1724 382 1853 432; x_wconf 83' lang='lat' dir='ltr'><strong>enim</strong></span> 
     </span>
     <span class='ocr_line' id='line_1_3' title="bbox 230 447 1854 516; baseline 0.007 -21"><span class='ocrx_word' id='word_1_10' title='bbox 230 491 235 500; x_wconf 76' lang='grc'>,</span> <span class='ocrx_word' id='word_1_11' title='bbox 304 447 354 476; x_wconf 88' lang='lat'><strong>¹⁷·</strong></span> <span class='ocrx_word' id='word_1_12' title='bbox 475 458 526 497; x_wconf 86' lang='lat' dir='ltr'><strong>et</strong></span> <span class='ocrx_word' id='word_1_13' title='bbox 547 450 768 498; x_wconf 90' lang='lat' dir='ltr'><strong>doctores</strong></span> <span class='ocrx_word' id='word_1_14' title='bbox 787 460 1047 516; x_wconf 84' lang='lat' dir='ltr'>antequam</span> <span class='ocrx_word' id='word_1_15' title='bbox 1063 455 1399 513; x_wconf 81' lang='lat' dir='ltr'><strong>admittantur,</strong></span> <span class='ocrx_word' id='word_1_16' title='bbox 1419 457 1726 505; x_wconf 85' lang='lat' dir='ltr'><strong>examinandi</strong></span> <span class='ocrx_word' id='word_1_17' title='bbox 1740 467 1854 508; x_wconf 89' lang='lat' dir='ltr'><strong>sunt</strong></span> 
     </span>
    </p>
   </div>
   <div class='ocr_carea' id='block_1_3' title="bbox 191 525 1853 2848">
    <p class='ocr_par' dir='ltr' id='par_1_3' title="bbox 191 525 1853 2848">
     <span class='ocr_line' id='line_1_4' title="bbox 194 525 1851 596; baseline 0.01 -30"><span class='ocrx_word' id='word_1_18' title='bbox 194 538 374 589; x_wconf 62' lang='lat' dir='ltr'><strong>Eieetipnefn</strong></span> <span class='ocrx_word' id='word_1_19' title='bbox 474 525 535 572; x_wconf 90' lang='lat' dir='ltr'><strong>ab</strong></span> <span class='ocrx_word' id='word_1_20' title='bbox 552 526 777 582; x_wconf 84' lang='lat' dir='ltr'><strong>ecclesia3</strong></span> <span class='ocrx_word' id='word_1_21' title='bbox 805 527 924 576; x_wconf 85' lang='lat' dir='ltr'><strong>dicit</strong></span> <span class='ocrx_word' id='word_1_22' title='bbox 938 530 1067 577; x_wconf 90' lang='lat' dir='ltr'><strong>enim</strong></span> <span class='ocrx_word' id='word_1_23' title='bbox 1083 531 1851 596; x_wconf 80' lang='lat' dir='ltr'><strong>sanetusJohannes(1J0h.iv.i):</strong></span> 
     </span>
     <span class='ocr_line' id='line_1_5' title="bbox 193 582 1851 672; baseline 0.005 -24"><span class='ocrx_word' id='word_1_24' title='bbox 193 582 455 661; x_wconf 52' lang='grc' dir='ltr'><strong>Ξξξὲῖἲῗέἶὲοζὲἷῃ</strong></span> <span class='ocrx_word' id='word_1_25' title='bbox 473 598 647 648; x_wconf 80' lang='lat' dir='ltr'><em>Nolite</em></span> <span class='ocrx_word' id='word_1_26' title='bbox 670 602 798 649; x_wconf 77' lang='lat' dir='ltr'><strong>omni</strong></span> <span class='ocrx_word' id='word_1_27' title='bbox 819 603 1028 667; x_wconf 73' lang='lat' dir='ltr'><strong>spiritui</strong></span> <span class='ocrx_word' id='word_1_28' title='bbox 1046 605 1268 664; x_wconf 79' lang='lat' dir='ltr'><strong>eredere,</strong></span> <span class='ocrx_word' id='word_1_29' title='bbox 1287 606 1382 653; x_wconf 73' lang='lat' dir='ltr'><strong>sed</strong></span> <span class='ocrx_word' id='word_1_30' title='bbox 1388 606 1606 670; x_wconf 79' lang='lat' dir='ltr'><strong>probate</strong></span> <span class='ocrx_word' id='word_1_31' title='bbox 1622 609 1851 672; x_wconf 69' lang='lat' dir='ltr'><strong>spiritus,</strong></span> 
     </span>
     <span class='ocr_line' id='line_1_6' title="bbox 193 667 1853 748; baseline 0.007 -27"><span class='ocrx_word' id='word_1_32' title='bbox 193 667 443 741; x_wconf 51' lang='grc' dir='ltr'><strong>ζξζῗίζῒθζῃοζῗθ·</strong></span> <span class='ocrx_word' id='word_1_33' title='bbox 472 676 519 722; x_wconf 70' lang='lat' dir='ltr'><strong>si</strong></span> <span class='ocrx_word' id='word_1_34' title='bbox 547 692 609 723; x_wconf 73' lang='lat' dir='ltr'><strong>ex</strong></span> <span class='ocrx_word' id='word_1_35' title='bbox 634 676 743 724; x_wconf 92' lang='lat' dir='ltr'><strong>Deo</strong></span> <span class='ocrx_word' id='word_1_36' title='bbox 773 677 874 725; x_wconf 71' lang='lat' dir='ltr'><strong>sint</strong></span> <span class='ocrx_word' id='word_1_37' title='bbox 888 697 908 732; x_wconf 91' lang='lat'><strong>,·</strong></span> <span class='ocrx_word' id='word_1_38' title='bbox 943 680 1171 742; x_wconf 80' lang='lat' dir='ltr'><strong>quoniam</strong></span> <span class='ocrx_word' id='word_1_39' title='bbox 1208 679 1349 727; x_wconf 80' lang='lat' dir='ltr'><strong>multi</strong></span> <span class='ocrx_word' id='word_1_40' title='bbox 1371 682 1853 748; x_wconf 70' lang='lat' dir='ltr'><strong>pseudo-prophetoe</strong></span> 
     </span>
     <span class='ocr_line' id='line_1_7' title="bbox 191 750 1853 817; baseline 0.007 -22"><span class='ocrx_word' id='word_1_41' title='bbox 191 757 329 790; x_wconf 59' lang='lat' dir='ltr'><strong>Pstsswres·</strong></span> <span class='ocrx_word' id='word_1_42' title='bbox 471 750 702 799; x_wconf 74' lang='lat' dir='ltr'><strong>eccierzmt</strong></span> <span class='ocrx_word' id='word_1_43' title='bbox 735 752 786 799; x_wconf 80' lang='lat' dir='ltr'><strong>in</strong></span> <span class='ocrx_word' id='word_1_44' title='bbox 820 754 1057 800; x_wconf 78' lang='lat' dir='ltr'><strong>mundum.</strong></span> <span class='ocrx_word' id='word_1_45' title='bbox 1126 754 1171 801; x_wconf 92' lang='lat' dir='ltr'><strong>A</strong></span> <span class='ocrx_word' id='word_1_46' title='bbox 1195 771 1291 817; x_wconf 90' lang='lat' dir='ltr'><strong>qua</strong></span> <span class='ocrx_word' id='word_1_47' title='bbox 1313 763 1479 802; x_wconf 89' lang='lat' dir='ltr'><strong>autem</strong></span> <span class='ocrx_word' id='word_1_48' title='bbox 1507 756 1735 816; x_wconf 74' lang='lat' dir='ltr'><strong>ecclesia,</strong></span> <span class='ocrx_word' id='word_1_49' title='bbox 1759 759 1853 807; x_wconf 85' lang='lat' dir='ltr'><strong>nisi</strong></span> 
     </span>
     <span class='ocr_line' id='line_1_8' title="bbox 471 825 1852 897; baseline 0.007 -24"><span class='ocrx_word' id='word_1_50' title='bbox 471 825 535 873; x_wconf 89' lang='lat' dir='ltr'><strong>ad</strong></span> <span class='ocrx_word' id='word_1_51' title='bbox 561 842 705 889; x_wconf 88' lang='lat' dir='ltr'><strong>quam</strong></span> <span class='ocrx_word' id='word_1_52' title='bbox 729 827 908 891; x_wconf 89' lang='lat' dir='ltr'><strong>scripta</strong></span> <span class='ocrx_word' id='word_1_53' title='bbox 938 835 1011 876; x_wconf 90' lang='lat' dir='ltr'><strong>est</strong></span> <span class='ocrx_word' id='word_1_54' title='bbox 1042 845 1100 876; x_wconf 88' lang='lat' dir='ltr'><strong>ea</strong></span> <span class='ocrx_word' id='word_1_55' title='bbox 1128 830 1363 892; x_wconf 87' lang='lat' dir='ltr'><strong>epistola?</strong></span> <span class='ocrx_word' id='word_1_56' title='bbox 1435 831 1667 880; x_wconf 84' lang='lat' dir='ltr'><strong>Similiter</strong></span> <span class='ocrx_word' id='word_1_57' title='bbox 1688 849 1852 897; x_wconf 86' lang='lat' dir='ltr'><strong>repre-</strong></span> 
     </span>
     <span class='ocr_line' id='line_1_9' title="bbox 471 900 1851 969; baseline 0.007 -21"><span class='ocrx_word' id='word_1_58' title='bbox 471 900 644 949; x_wconf 82' lang='lat' dir='ltr'><strong>hendit</strong></span> <span class='ocrx_word' id='word_1_59' title='bbox 673 911 866 951; x_wconf 88' lang='lat' dir='ltr'><strong>sanctus</strong></span> <span class='ocrx_word' id='word_1_60' title='bbox 898 905 1071 952; x_wconf 91' lang='lat' dir='ltr'><strong>Paulus</strong></span> <span class='ocrx_word' id='word_1_61' title='bbox 1106 905 1231 967; x_wconf 89' lang='lat' dir='ltr'>(Gal.</span> <span class='ocrx_word' id='word_1_62' title='bbox 1257 907 1306 954; x_wconf 92' lang='lat' dir='ltr'><strong>ii.</strong></span> <span class='ocrx_word' id='word_1_63' title='bbox 1346 908 1423 968; x_wconf 88' lang='lat'><strong>14)</strong></span> <span class='ocrx_word' id='word_1_64' title='bbox 1469 907 1710 969; x_wconf 60' lang='lat' dir='ltr'><strong>eeclesia-5</strong></span> <span class='ocrx_word' id='word_1_65' title='bbox 1749 910 1851 958; x_wconf 70' lang='grc' dir='ltr'><strong>θα-</strong></span> 
     </span>
     <span class='ocr_line' id='line_1_10' title="bbox 472 976 1850 1049; baseline 0.007 -25"><span class='ocrx_word' id='word_1_66' title='bbox 472 976 629 1036; x_wconf 77' lang='lat' dir='ltr'><strong>tatioe,</strong></span> <span class='ocrx_word' id='word_1_67' title='bbox 677 979 809 1042; x_wconf 91' lang='lat' dir='ltr'><strong>quod</strong></span> <span class='ocrx_word' id='word_1_68' title='bbox 845 980 1189 1037; x_wconf 90' lang='lat' dir='ltr'><strong>Judaizarent;</strong></span> <span class='ocrx_word' id='word_1_69' title='bbox 1227 983 1414 1030; x_wconf 91' lang='lat' dir='ltr'><strong>etiamsi</strong></span> <span class='ocrx_word' id='word_1_70' title='bbox 1447 983 1738 1032; x_wconf 86' lang='lat' dir='ltr'><strong>viderentur·</strong></span> <span class='ocrx_word' id='word_1_71' title='bbox 1759 985 1850 1049; x_wconf 88' lang='lat' dir='ltr'><strong>ipsi</strong></span> 
     </span>
     <span class='ocr_line' id='line_1_11' title="bbox 470 1053 1850 1109; baseline 0.006 -9"><span class='ocrx_word' id='word_1_72' title='bbox 470 1053 523 1100; x_wconf 93' lang='lat' dir='ltr'><strong>id</strong></span> <span class='ocrx_word' id='word_1_73' title='bbox 560 1053 720 1102; x_wconf 86' lang='lat' dir='ltr'><strong>facere</strong></span> <span class='ocrx_word' id='word_1_74' title='bbox 765 1062 962 1103; x_wconf 89' lang='lat' dir='ltr'><strong>auctore</strong></span> <span class='ocrx_word' id='word_1_75' title='bbox 1003 1057 1160 1105; x_wconf 93' lang='lat' dir='ltr'><strong>Petro.</strong></span> <span class='ocrx_word' id='word_1_76' title='bbox 1231 1058 1359 1105; x_wconf 89' lang='lat' dir='ltr'><strong>Nam</strong></span> <span class='ocrx_word' id='word_1_77' title='bbox 1406 1074 1517 1106; x_wconf 89' lang='lat' dir='ltr'><strong>cum</strong></span> <span class='ocrx_word' id='word_1_78' title='bbox 1558 1059 1758 1108; x_wconf 85' lang='lat' dir='ltr'><strong>dixisset</strong></span> <span class='ocrx_word' id='word_1_79' title='bbox 1799 1077 1850 1109; x_wconf 88' lang='lat' dir='ltr'><strong>se</strong></span> 
     </span>
     <span class='ocr_line' id='line_1_12' title="bbox 471 1127 1851 1194; baseline 0.007 -20"><span class='ocrx_word' id='word_1_80' title='bbox 471 1127 671 1176; x_wconf 90' lang='lat' dir='ltr'><strong>Petrum</strong></span> <span class='ocrx_word' id='word_1_81' title='bbox 693 1129 851 1192; x_wconf 88' lang='lat' dir='ltr'><strong>ipsum</strong></span> <span class='ocrx_word' id='word_1_82' title='bbox 874 1131 1240 1193; x_wconf 82' lang='lat' dir='ltr'><strong>reprehendisse</strong></span> <span class='ocrx_word' id='word_1_83' title='bbox 1262 1133 1338 1181; x_wconf 90' lang='lat' dir='ltr'><strong>his</strong></span> <span class='ocrx_word' id='word_1_84' title='bbox 1360 1134 1519 1181; x_wconf 88' lang='lat' dir='ltr'><strong>verbis</strong></span> <span class='ocrx_word' id='word_1_85' title='bbox 1540 1153 1550 1181; x_wconf 78' lang='grc' dir='ltr'>ε</span> <span class='ocrx_word' id='word_1_86' title='bbox 1587 1134 1635 1182; x_wconf 72' lang='lat' dir='ltr'><strong>Si</strong></span> <span class='ocrx_word' id='word_1_87' title='bbox 1658 1142 1726 1194; x_wconf 81' lang='lat' dir='ltr'><strong>tu,</strong></span> <span class='ocrx_word' id='word_1_88' title='bbox 1746 1152 1851 1185; x_wconf 83' lang='lat' dir='ltr'><strong>eum</strong></span> 
     </span>
     <span class='ocr_line' id='line_1_13' title="bbox 471 1202 1850 1275; baseline 0.007 -26"><span class='ocrx_word' id='word_1_89' title='bbox 471 1202 675 1251; x_wconf 74' lang='lat' dir='ltr'><em>Judaeus</em></span> <span class='ocrx_word' id='word_1_90' title='bbox 698 1205 787 1263; x_wconf 71' lang='lat' dir='ltr'><strong>sis,</strong></span> <span class='ocrx_word' id='word_1_91' title='bbox 820 1205 1085 1269; x_wconf 79' lang='lat' dir='ltr'><strong>gentiliter</strong></span> <span class='ocrx_word' id='word_1_92' title='bbox 1114 1208 1238 1255; x_wconf 73' lang='lat' dir='ltr'><strong>vivis</strong></span> <span class='ocrx_word' id='word_1_93' title='bbox 1273 1215 1323 1256; x_wconf 90' lang='lat' dir='ltr'><strong>et</strong></span> <span class='ocrx_word' id='word_1_94' title='bbox 1353 1225 1446 1257; x_wconf 77' lang='lat' dir='ltr'><strong>non</strong></span> <span class='ocrx_word' id='word_1_95' title='bbox 1468 1209 1708 1269; x_wconf 77' lang='lat' dir='ltr'><strong>Judaice,</strong></span> <span class='ocrx_word' id='word_1_96' title='bbox 1731 1227 1850 1275; x_wconf 82' lang='lat' dir='ltr'><strong>quo-</strong></span> 
     </span>
     <span class='ocr_line' id='line_1_14' title="bbox 471 1278 1850 1348; baseline 0.007 -24"><span class='ocrx_word' id='word_1_97' title='bbox 471 1278 611 1325; x_wconf 85' lang='lat' dir='ltr'><strong>modo</strong></span> <span class='ocrx_word' id='word_1_98' title='bbox 643 1285 822 1342; x_wconf 73' lang='lat' dir='ltr'><strong>gentes</strong></span> <span class='ocrx_word' id='word_1_99' title='bbox 869 1281 1011 1344; x_wconf 73' lang='lat' dir='ltr'><strong>cogis</strong></span> <span class='ocrx_word' id='word_1_100' title='bbox 1052 1281 1377 1332; x_wconf 66' lang='lat' dir='ltr'><strong>Judaizare?</strong></span> <span class='ocrx_word' id='word_1_101' title='bbox 1417 1300 1518 1332; x_wconf 89' lang='lat' dir='ltr'><strong>non</strong></span> <span class='ocrx_word' id='word_1_102' title='bbox 1551 1285 1705 1333; x_wconf 90' lang='lat' dir='ltr'><strong>multo</strong></span> <span class='ocrx_word' id='word_1_103' title='bbox 1738 1293 1850 1348; x_wconf 85' lang='lat' dir='ltr'><strong>post</strong></span> 
     </span>
     <span class='ocr_line' id='line_1_15' title="bbox 469 1352 1849 1421; baseline 0.007 -22"><span class='ocrx_word' id='word_1_104' title='bbox 469 1352 742 1415; x_wconf 83' lang='lat' dir='ltr'><strong>interrogat</strong></span> <span class='ocrx_word' id='word_1_105' title='bbox 774 1354 905 1416; x_wconf 92' lang='lat' dir='ltr'><strong>ipsos</strong></span> <span class='ocrx_word' id='word_1_106' title='bbox 941 1355 1104 1404; x_wconf 91' lang='lat' dir='ltr'><strong>dicens</strong></span> <span class='ocrx_word' id='word_1_107' title='bbox 1144 1357 1268 1418; x_wconf 89' lang='lat' dir='ltr'>(Gal.</span> <span class='ocrx_word' id='word_1_108' title='bbox 1294 1359 1362 1406; x_wconf 88' lang='lat' dir='ltr'><strong>iii.</strong></span> <span class='ocrx_word' id='word_1_109' title='bbox 1388 1359 1476 1421; x_wconf 86' lang='lat'><strong>2):</strong></span> <span class='ocrx_word' id='word_1_110' title='bbox 1512 1359 1604 1407; x_wconf 80' lang='lat' dir='ltr'><strong>lzoe</strong></span> <span class='ocrx_word' id='word_1_111' title='bbox 1637 1360 1792 1408; x_wconf 73' lang='lat' dir='ltr'><strong>solum</strong></span> <span class='ocrx_word' id='word_1_112' title='bbox 1815 1378 1849 1409; x_wconf 83' lang='lat' dir='ltr'><strong><em>a</em></strong></span> 
     </span>
     <span class='ocr_line' id='line_1_16' title="bbox 468 1427 1848 1499; baseline 0.006 -24"><span class='ocrx_word' id='word_1_113' title='bbox 468 1427 605 1475; x_wconf 73' lang='lat' dir='ltr'><strong>vobis</strong></span> <span class='ocrx_word' id='word_1_114' title='bbox 645 1428 752 1475; x_wconf 84' lang='lat' dir='ltr'><strong>volo</strong></span> <span class='ocrx_word' id='word_1_115' title='bbox 800 1429 1028 1485; x_wconf 73' lang='lat' dir='ltr'><strong>discere;</strong></span> <span class='ocrx_word' id='word_1_116' title='bbox 1070 1448 1132 1478; x_wconf 74' lang='lat' dir='ltr'><strong>ex</strong></span> <span class='ocrx_word' id='word_1_117' title='bbox 1171 1432 1404 1496; x_wconf 76' lang='lat' dir='ltr'><strong>operibus</strong></span> <span class='ocrx_word' id='word_1_118' title='bbox 1446 1433 1577 1498; x_wconf 75' lang='lat' dir='ltr'><strong>legis</strong></span> <span class='ocrx_word' id='word_1_119' title='bbox 1602 1434 1848 1499; x_wconf 84' lang='lat' dir='ltr'><strong>Spiritum</strong></span> 
     </span>
     <span class='ocr_line' id='line_1_17' title="bbox 469 1503 1845 1572; baseline 0.007 -24"><span class='ocrx_word' id='word_1_120' title='bbox 469 1503 756 1566; x_wconf 50' lang='lat' dir='ltr'><strong>accepisti&amp;</strong></span> <span class='ocrx_word' id='word_1_121' title='bbox 783 1521 847 1551; x_wconf 81' lang='lat' dir='ltr'><strong>cm</strong></span> <span class='ocrx_word' id='word_1_122' title='bbox 882 1521 943 1550; x_wconf 71' lang='lat' dir='ltr'><strong>em</strong></span> <span class='ocrx_word' id='word_1_123' title='bbox 972 1506 1289 1568; x_wconf 81' lang='lat' dir='ltr'><strong>auditufidei</strong></span> <span class='ocrx_word' id='word_1_124' title='bbox 1309 1511 1337 1555; x_wconf 73' lang='grc'><strong>,9</strong></span> <span class='ocrx_word' id='word_1_125' title='bbox 1404 1508 1478 1555; x_wconf 87' lang='lat' dir='ltr'><strong>Ex</strong></span> <span class='ocrx_word' id='word_1_126' title='bbox 1502 1525 1596 1571; x_wconf 90' lang='lat' dir='ltr'><strong>quo</strong></span> <span class='ocrx_word' id='word_1_127' title='bbox 1619 1516 1757 1572; x_wconf 88' lang='lat' dir='ltr'><strong>patet</strong></span> <span class='ocrx_word' id='word_1_128' title='bbox 1779 1510 1845 1570; x_wconf 90' lang='lat' dir='ltr'><strong>id,</strong></span> 
     </span>
     <span class='ocr_line' id='line_1_18' title="bbox 467 1577 1844 1641; baseline 0.006 -17"><span class='ocrx_word' id='word_1_129' title='bbox 467 1577 599 1640; x_wconf 92' lang='lat' dir='ltr'><strong>quod</strong></span> <span class='ocrx_word' id='word_1_130' title='bbox 633 1579 945 1641; x_wconf 84' lang='lat' dir='ltr'><strong>reprehendit</strong></span> <span class='ocrx_word' id='word_1_131' title='bbox 984 1580 1036 1627; x_wconf 90' lang='lat' dir='ltr'><strong>in</strong></span> <span class='ocrx_word' id='word_1_132' title='bbox 1085 1581 1282 1641; x_wconf 88' lang='lat' dir='ltr'><strong>Galatis,</strong></span> <span class='ocrx_word' id='word_1_133' title='bbox 1324 1583 1471 1630; x_wconf 84' lang='lat' dir='ltr'><strong>fuisse</strong></span> <span class='ocrx_word' id='word_1_134' title='bbox 1509 1583 1844 1641; x_wconf 86' lang='lat' dir='ltr'><strong>Judaismum;</strong></span> 
     </span>
     <span class='ocr_line' id='line_1_19' title="bbox 467 1655 1844 1722; baseline 0.006 -23"><span class='ocrx_word' id='word_1_135' title='bbox 467 1668 762 1716; x_wconf 91' lang='lat' dir='ltr'><strong>quamquam</strong></span> <span class='ocrx_word' id='word_1_136' title='bbox 813 1655 983 1701; x_wconf 87' lang='lat' dir='ltr'><strong>Petrus</strong></span> <span class='ocrx_word' id='word_1_137' title='bbox 1029 1656 1286 1720; x_wconf 73' lang='lat' dir='ltr'><strong>apostolus</strong></span> <span class='ocrx_word' id='word_1_138' title='bbox 1331 1657 1588 1705; x_wconf 87' lang='lat' dir='ltr'><strong>Judaizare</strong></span> <span class='ocrx_word' id='word_1_139' title='bbox 1634 1666 1844 1722; x_wconf 87' lang='lat' dir='ltr'><strong>cogeret.</strong></span> 
     </span>
     <span class='ocr_line' id='line_1_20' title="bbox 468 1727 1846 1794; baseline 0.006 -20"><span class='ocrx_word' id='word_1_140' title='bbox 468 1727 595 1774; x_wconf 91' lang='lat' dir='ltr'><strong>Cum</strong></span> <span class='ocrx_word' id='word_1_141' title='bbox 619 1728 770 1791; x_wconf 83' lang='lat' dir='ltr'><strong>igitur</strong></span> <span class='ocrx_word' id='word_1_142' title='bbox 793 1745 915 1791; x_wconf 89' lang='lat' dir='ltr'><strong>quos</strong></span> <span class='ocrx_word' id='word_1_143' title='bbox 940 1729 1165 1778; x_wconf 88' lang='lat' dir='ltr'><strong>doctores</strong></span> <span class='ocrx_word' id='word_1_144' title='bbox 1190 1740 1475 1794; x_wconf 86' lang='lat' dir='ltr'><strong>sequeretur</strong></span> <span class='ocrx_word' id='word_1_145' title='bbox 1498 1732 1727 1793; x_wconf 76' lang='lat' dir='ltr'><strong>ecelesia,</strong></span> <span class='ocrx_word' id='word_1_146' title='bbox 1747 1750 1846 1782; x_wconf 91' lang='lat' dir='ltr'><strong>non</strong></span> 
     </span>
     <span class='ocr_line' id='line_1_21' title="bbox 466 1802 1846 1867; baseline 0.005 -17"><span class='ocrx_word' id='word_1_147' title='bbox 466 1802 612 1862; x_wconf 89' lang='lat' dir='ltr'><strong>Petri,</strong></span> <span class='ocrx_word' id='word_1_148' title='bbox 638 1820 796 1866; x_wconf 90' lang='lat' dir='ltr'><strong>neque</strong></span> <span class='ocrx_word' id='word_1_149' title='bbox 819 1820 934 1867; x_wconf 82' lang='lat' dir='ltr'><strong>ergo</strong></span> <span class='ocrx_word' id='word_1_150' title='bbox 966 1805 1173 1853; x_wconf 89' lang='lat' dir='ltr'><strong>hominis</strong></span> <span class='ocrx_word' id='word_1_151' title='bbox 1197 1815 1302 1854; x_wconf 90' lang='lat' dir='ltr'><strong>erat</strong></span> <span class='ocrx_word' id='word_1_152' title='bbox 1335 1807 1674 1866; x_wconf 87' lang='lat' dir='ltr'><strong>determinare,</strong></span> <span class='ocrx_word' id='word_1_153' title='bbox 1699 1809 1846 1858; x_wconf 85' lang='lat' dir='ltr'><strong>etiam</strong></span> 
     </span>
     <span class='ocr_line' id='line_1_22' title="bbox 464 1877 1845 1933; baseline 0.006 -9"><span class='ocrx_word' id='word_1_154' title='bbox 464 1877 690 1926; x_wconf 75' lang='lat' dir='ltr'><strong>eeclesioe</strong></span> <span class='ocrx_word' id='word_1_155' title='bbox 727 1878 1050 1928; x_wconf 62' lang='lat' dir='ltr'><strong>Antiocheno?</strong></span> <span class='ocrx_word' id='word_1_156' title='bbox 1085 1882 1367 1930; x_wconf 85' lang='lat' dir='ltr'><strong>auctoritati</strong></span> <span class='ocrx_word' id='word_1_157' title='bbox 1398 1883 1698 1931; x_wconf 86' lang='lat' dir='ltr'><strong>innitebatur</strong></span> <span class='ocrx_word' id='word_1_158' title='bbox 1732 1884 1845 1933; x_wconf 91' lang='lat' dir='ltr'><strong>doc-</strong></span> 
     </span>
     <span class='ocr_line' id='line_1_23' title="bbox 464 1956 1845 2018; baseline 0.006 -19"><span class='ocrx_word' id='word_1_159' title='bbox 464 1960 628 2000; x_wconf 90' lang='lat' dir='ltr'><strong>torum</strong></span> <span class='ocrx_word' id='word_1_160' title='bbox 661 1961 712 2001; x_wconf 91' lang='lat' dir='ltr'><strong>et</strong></span> <span class='ocrx_word' id='word_1_161' title='bbox 745 1956 1094 2018; x_wconf 87' lang='lat' dir='ltr'><strong>prophetarum</strong></span> <span class='ocrx_word' id='word_1_162' title='bbox 1117 1974 1316 2005; x_wconf 89' lang='lat' dir='ltr'><strong>suorum</strong></span> <span class='ocrx_word' id='word_1_163' title='bbox 1340 1959 1528 2006; x_wconf 86' lang='lat' dir='ltr'><strong>electio.</strong></span> <span class='ocrx_word' id='word_1_164' title='bbox 1599 1959 1845 2007; x_wconf 73' lang='lat' dir='ltr'><strong>Quoniam</strong></span> 
     </span>
     <span class='ocr_line' id='line_1_24' title="bbox 463 2029 1845 2096; baseline 0.006 -22"><span class='ocrx_word' id='word_1_165' title='bbox 463 2035 628 2076; x_wconf 90' lang='lat' dir='ltr'><strong>autem</strong></span> <span class='ocrx_word' id='word_1_166' title='bbox 667 2045 755 2092; x_wconf 89' lang='lat' dir='ltr'><strong>per</strong></span> <span class='ocrx_word' id='word_1_167' title='bbox 795 2029 1051 2078; x_wconf 90' lang='lat' dir='ltr'><strong>doctorum</strong></span> <span class='ocrx_word' id='word_1_168' title='bbox 1086 2033 1154 2080; x_wconf 91' lang='lat' dir='ltr'><strong>sic</strong></span> <span class='ocrx_word' id='word_1_169' title='bbox 1190 2033 1452 2080; x_wconf 90' lang='lat' dir='ltr'><strong>electorum</strong></span> <span class='ocrx_word' id='word_1_170' title='bbox 1486 2033 1845 2096; x_wconf 87' lang='lat' dir='ltr'><strong>impositionem</strong></span> 
     </span>
     <span class='ocr_line' id='line_1_25' title="bbox 463 2105 1843 2173; baseline 0.006 -24"><span class='ocrx_word' id='word_1_171' title='bbox 463 2118 711 2162; x_wconf 87' lang='lat' dir='ltr'><strong>manuum,</strong></span> <span class='ocrx_word' id='word_1_172' title='bbox 744 2105 952 2167; x_wconf 86' lang='lat' dir='ltr'><strong>Spiritus</strong></span> <span class='ocrx_word' id='word_1_173' title='bbox 984 2107 1191 2155; x_wconf 86' lang='lat' dir='ltr'><strong>Sanctus</strong></span> <span class='ocrx_word' id='word_1_174' title='bbox 1224 2109 1498 2171; x_wconf 84' lang='lat' dir='ltr'><strong>segregavit</strong></span> <span class='ocrx_word' id='word_1_175' title='bbox 1527 2109 1619 2156; x_wconf 89' lang='lat' dir='ltr'><strong>sibi</strong></span> <span class='ocrx_word' id='word_1_176' title='bbox 1644 2117 1843 2173; x_wconf 71' lang='lat' dir='ltr'><strong>aposto-</strong></span> 
     </span>
     <span class='ocr_line' id='line_1_26' title="bbox 465 2177 1842 2242; baseline 0.006 -18"><span class='ocrx_word' id='word_1_177' title='bbox 465 2177 554 2236; x_wconf 72' lang='lat' dir='ltr'><strong>los,</strong></span> <span class='ocrx_word' id='word_1_178' title='bbox 589 2179 790 2226; x_wconf 90' lang='lat' dir='ltr'><strong>Paulum</strong></span> <span class='ocrx_word' id='word_1_179' title='bbox 831 2189 881 2227; x_wconf 90' lang='lat' dir='ltr'><strong>et</strong></span> <span class='ocrx_word' id='word_1_180' title='bbox 921 2181 1224 2239; x_wconf 82' lang='lat' dir='ltr'><strong>Barnabam3</strong></span> <span class='ocrx_word' id='word_1_181' title='bbox 1261 2183 1571 2231; x_wconf 87' lang='lat' dir='ltr'><strong>manifestum</strong></span> <span class='ocrx_word' id='word_1_182' title='bbox 1598 2191 1685 2242; x_wconf 89' lang='lat' dir='ltr'><strong>est,</strong></span> <span class='ocrx_word' id='word_1_183' title='bbox 1714 2200 1842 2232; x_wconf 90' lang='lat' dir='ltr'><strong>sum-</strong></span> 
     </span>
     <span class='ocr_line' id='line_1_27' title="bbox 463 2255 1842 2319; baseline 0.004 -19"><span class='ocrx_word' id='word_1_184' title='bbox 463 2269 655 2300; x_wconf 89' lang='lat' dir='ltr'><strong>morum</strong></span> <span class='ocrx_word' id='word_1_185' title='bbox 691 2255 742 2301; x_wconf 88' lang='lat' dir='ltr'><strong>in</strong></span> <span class='ocrx_word' id='word_1_186' title='bbox 782 2255 996 2303; x_wconf 75' lang='lat' dir='ltr'><strong>eeclesia</strong></span> <span class='ocrx_word' id='word_1_187' title='bbox 1037 2257 1252 2319; x_wconf 89' lang='lat' dir='ltr'><strong>qualibet</strong></span> <span class='ocrx_word' id='word_1_188' title='bbox 1292 2258 1549 2306; x_wconf 89' lang='lat' dir='ltr'><strong>doctorum</strong></span> <span class='ocrx_word' id='word_1_189' title='bbox 1585 2275 1842 2306; x_wconf 74' lang='lat' dir='ltr'><strong>conseera-</strong></span> 
     </span>
     <span class='ocr_line' id='line_1_28' title="bbox 464 2328 1840 2395; baseline 0.005 -21"><span class='ocrx_word' id='word_1_190' title='bbox 464 2328 642 2376; x_wconf 83' lang='lat' dir='ltr'><strong>tionem</strong></span> <span class='ocrx_word' id='word_1_191' title='bbox 649 2336 698 2376; x_wconf 88' lang='lat' dir='ltr'><strong>et</strong></span> <span class='ocrx_word' id='word_1_192' title='bbox 707 2330 1060 2394; x_wconf 75' lang='lat' dir='ltr'><strong>impositionem</strong></span> <span class='ocrx_word' id='word_1_193' title='bbox 1074 2349 1296 2380; x_wconf 81' lang='lat' dir='ltr'><strong>manuum</strong></span> <span class='ocrx_word' id='word_1_194' title='bbox 1311 2333 1373 2380; x_wconf 90' lang='lat' dir='ltr'><strong>ad</strong></span> <span class='ocrx_word' id='word_1_195' title='bbox 1388 2333 1605 2395; x_wconf 89' lang='lat' dir='ltr'><strong>ejusdem</strong></span> <span class='ocrx_word' id='word_1_196' title='bbox 1617 2333 1840 2381; x_wconf 70' lang='lat' dir='ltr'><strong>eeclesice</strong></span> 
     </span>
     <span class='ocr_line' id='line_1_29' title="bbox 464 2403 1840 2472; baseline 0.004 -22"><span class='ocrx_word' id='word_1_197' title='bbox 464 2403 688 2452; x_wconf 90' lang='lat' dir='ltr'><strong>doctores</strong></span> <span class='ocrx_word' id='word_1_198' title='bbox 706 2405 966 2467; x_wconf 89' lang='lat' dir='ltr'><strong>pertinere.</strong></span> <span class='ocrx_word' id='word_1_199' title='bbox 1024 2407 1309 2472; x_wconf 61' lang='lat' dir='ltr'><strong>Epioe-opos</strong></span> <span class='ocrx_word' id='word_1_200' title='bbox 1333 2416 1511 2466; x_wconf 89' lang='lat' dir='ltr'><strong>autem,</strong></span> <span class='ocrx_word' id='word_1_201' title='bbox 1532 2408 1614 2471; x_wconf 88' lang='lat' dir='ltr'><strong>qui</strong></span> <span class='ocrx_word' id='word_1_202' title='bbox 1632 2415 1681 2456; x_wconf 88' lang='lat' dir='ltr'><strong>et</strong></span> <span class='ocrx_word' id='word_1_203' title='bbox 1688 2424 1840 2472; x_wconf 71' lang='lat' dir='ltr'><strong>pres-</strong></span> 
     </span>
     <span class='ocr_line' id='line_1_30' title="bbox 464 2477 1838 2546; baseline 0.004 -21"><span class='ocrx_word' id='word_1_204' title='bbox 464 2477 628 2541; x_wconf 73' lang='lat' dir='ltr'><strong>byteri</strong></span> <span class='ocrx_word' id='word_1_205' title='bbox 650 2480 811 2527; x_wconf 87' lang='lat' dir='ltr'><strong>vocati</strong></span> <span class='ocrx_word' id='word_1_206' title='bbox 834 2487 987 2540; x_wconf 90' lang='lat' dir='ltr'><strong>erant,</strong></span> <span class='ocrx_word' id='word_1_207' title='bbox 1007 2483 1097 2529; x_wconf 91' lang='lat' dir='ltr'><strong>etsi</strong></span> <span class='ocrx_word' id='word_1_208' title='bbox 1120 2498 1221 2530; x_wconf 91' lang='lat' dir='ltr'><strong>non</strong></span> <span class='ocrx_word' id='word_1_209' title='bbox 1239 2499 1405 2530; x_wconf 90' lang='lat' dir='ltr'><strong>omnes</strong></span> <span class='ocrx_word' id='word_1_210' title='bbox 1423 2483 1691 2546; x_wconf 87' lang='lat' dir='ltr'><strong>presbyteri</strong></span> <span class='ocrx_word' id='word_1_211' title='bbox 1713 2484 1838 2546; x_wconf 91' lang='lat' dir='ltr'><strong>epis-</strong></span> 
     </span>
     <span class='ocr_line' id='line_1_31' title="bbox 463 2555 1838 2622; baseline 0.003 -21"><span class='ocrx_word' id='word_1_212' title='bbox 463 2555 587 2617; x_wconf 86' lang='lat' dir='ltr'><strong>copi,</strong></span> <span class='ocrx_word' id='word_1_213' title='bbox 623 2555 971 2603; x_wconf 88' lang='lat' dir='ltr'><strong>ordinaverunt</strong></span> <span class='ocrx_word' id='word_1_214' title='bbox 998 2564 1103 2605; x_wconf 90' lang='lat' dir='ltr'><strong>tum</strong></span> <span class='ocrx_word' id='word_1_215' title='bbox 1140 2558 1373 2622; x_wconf 69' lang='lat' dir='ltr'><strong>apostoli,</strong></span> <span class='ocrx_word' id='word_1_216' title='bbox 1416 2559 1549 2619; x_wconf 89' lang='lat' dir='ltr'><strong>(nam</strong></span> <span class='ocrx_word' id='word_1_217' title='bbox 1579 2557 1753 2605; x_wconf 87' lang='lat' dir='ltr'><strong>Paulus</strong></span> <span class='ocrx_word' id='word_1_218' title='bbox 1788 2566 1838 2606; x_wconf 91' lang='lat' dir='ltr'><strong>et</strong></span> 
     </span>
     <span class='ocr_line' id='line_1_32' title="bbox 463 2630 1835 2697; baseline 0.003 -20"><span class='ocrx_word' id='word_1_219' title='bbox 463 2630 711 2678; x_wconf 88' lang='lat' dir='ltr'><strong>Barnabas</strong></span> <span class='ocrx_word' id='word_1_220' title='bbox 727 2648 838 2678; x_wconf 90' lang='lat' dir='ltr'><strong>cum</strong></span> <span class='ocrx_word' id='word_1_221' title='bbox 854 2632 1131 2680; x_wconf 88' lang='lat' dir='ltr'><strong>docuissent</strong></span> <span class='ocrx_word' id='word_1_222' title='bbox 1144 2633 1195 2680; x_wconf 89' lang='lat' dir='ltr'><strong>in</strong></span> <span class='ocrx_word' id='word_1_223' title='bbox 1203 2633 1377 2692; x_wconf 84' lang='lat' dir='ltr'><strong>Derbe,</strong></span> <span class='ocrx_word' id='word_1_224' title='bbox 1388 2634 1574 2697; x_wconf 85' lang='lat' dir='ltr'><strong>Lystra,</strong></span> <span class='ocrx_word' id='word_1_225' title='bbox 1590 2639 1639 2680; x_wconf 89' lang='lat' dir='ltr'><strong>et</strong></span> <span class='ocrx_word' id='word_1_226' title='bbox 1653 2633 1835 2692; x_wconf 87' lang='lat' dir='ltr'><strong>Iconio,</strong></span> 
     </span>
     <span class='ocr_line' id='line_1_33' title="bbox 452 2705 1835 2771; baseline 0.002 -20"><span class='ocrx_word' id='word_1_227' title='bbox 452 2705 783 2769; x_wconf 73' lang='lat' dir='ltr'><strong>presbyteros</strong></span> <span class='ocrx_word' id='word_1_228' title='bbox 821 2708 1182 2755; x_wconf 88' lang='lat' dir='ltr'><strong>constituerunt</strong></span> <span class='ocrx_word' id='word_1_229' title='bbox 1216 2725 1304 2771; x_wconf 92' lang='lat' dir='ltr'><strong>per</strong></span> <span class='ocrx_word' id='word_1_230' title='bbox 1341 2708 1552 2771; x_wconf 80' lang='lat' dir='ltr'><strong>singulas</strong></span> <span class='ocrx_word' id='word_1_231' title='bbox 1593 2708 1835 2766; x_wconf 88' lang='lat' dir='ltr'><strong>ecclesias,</strong></span> 
     </span>
     <span class='ocr_line' id='line_1_34' title="bbox 462 2780 1835 2848; baseline 0.003 -22"><span class='ocrx_word' id='word_1_232' title='bbox 462 2780 570 2827; x_wconf 86' lang='lat' dir='ltr'><strong>Act.</strong></span> <span class='ocrx_word' id='word_1_233' title='bbox 591 2781 685 2828; x_wconf 86' lang='lat' dir='ltr'><strong>xiv.</strong></span> <span class='ocrx_word' id='word_1_234' title='bbox 711 2783 812 2842; x_wconf 84' lang='lat'><strong>22,)</strong></span> <span class='ocrx_word' id='word_1_235' title='bbox 841 2789 944 2829; x_wconf 92' lang='lat' dir='ltr'><strong>tum</strong></span> <span class='ocrx_word' id='word_1_236' title='bbox 965 2783 1111 2830; x_wconf 90' lang='lat' dir='ltr'><strong>etiam</strong></span> <span class='ocrx_word' id='word_1_237' title='bbox 1135 2783 1360 2848; x_wconf 73' lang='lat' dir='ltr'><strong>episcopi</strong></span> <span class='ocrx_word' id='word_1_238' title='bbox 1381 2783 1476 2830; x_wconf 91' lang='lat' dir='ltr'><strong>alii.</strong></span> <span class='ocrx_word' id='word_1_239' title='bbox 1544 2782 1681 2830; x_wconf 89' lang='lat' dir='ltr'><strong>Titus</strong></span> <span class='ocrx_word' id='word_1_240' title='bbox 1706 2783 1835 2830; x_wconf 88' lang='lat' dir='ltr'><strong>enim</strong></span> 
     </span>
    </p>
   </div>
   <div class='ocr_carea' id='block_1_4' title="bbox 460 2855 1834 2920">
    <p class='ocr_par' dir='ltr' id='par_1_4' title="bbox 460 2855 1834 2920">
     <span class='ocr_line' id='line_1_35' title="bbox 460 2855 1834 2920; baseline 0.003 -19"><span class='ocrx_word' id='word_1_241' title='bbox 460 2855 511 2902; x_wconf 89' lang='lat' dir='ltr'><strong>in</strong></span> <span class='ocrx_word' id='word_1_242' title='bbox 545 2856 689 2904; x_wconf 90' lang='lat' dir='ltr'><strong>Creta</strong></span> <span class='ocrx_word' id='word_1_243' title='bbox 717 2858 913 2906; x_wconf 87' lang='lat' dir='ltr'><strong>relictus</strong></span> <span class='ocrx_word' id='word_1_244' title='bbox 944 2866 1018 2907; x_wconf 88' lang='lat' dir='ltr'><strong>est</strong></span> <span class='ocrx_word' id='word_1_245' title='bbox 1046 2875 1076 2906; x_wconf 91' lang='lat' dir='ltr'><strong>a</strong></span> <span class='ocrx_word' id='word_1_246' title='bbox 1100 2858 1246 2906; x_wconf 90' lang='lat' dir='ltr'><strong>Paulo</strong></span> <span class='ocrx_word' id='word_1_247' title='bbox 1281 2858 1394 2920; x_wconf 91' lang='lat' dir='ltr'><strong>(Tit.</strong></span> <span class='ocrx_word' id='word_1_248' title='bbox 1419 2858 1451 2905; x_wconf 90' lang='lat' dir='ltr'><strong>i.</strong></span> <span class='ocrx_word' id='word_1_249' title='bbox 1478 2857 1547 2919; x_wconf 89' lang='lat'><strong>5),</strong></span> <span class='ocrx_word' id='word_1_250' title='bbox 1576 2867 1632 2905; x_wconf 90' lang='lat' dir='ltr'><strong>ut</strong></span> <span class='ocrx_word' id='word_1_251' title='bbox 1655 2858 1834 2905; x_wconf 88' lang='lat' dir='ltr'><strong>consti—</strong></span> 
     </span>
    </p>
   </div>
  </div>
 </body>
</html>
