1994 3276
458 246 554 290 398
1019 256 1264 292 REL1G10.

195 391 325 426 SECT,
342 393 412 427 111,
455 365 699 415 actionem
729 373 815 415 aut
846 369 1136 417 sententiam
1164 383 1470 416 communem
1499 369 1660 416 habet.
1707 367 1835 416 Prae-

284 446 328 476 ¹⁷·
455 451 591 491 terea
621 443 707 491 ubi
747 443 924 491 dicitur
961 444 1240 492 CHRISTUS
1284 459 1386 491 esse
1425 451 1576 508 caput
1606 444 1834 509 eorporis

455 518 687 578 ecclesioe,
705 519 959 567 manifeste
980 527 1184 583 apparet
1205 520 1390 567 dictum
1413 519 1465 566 id
1483 535 1585 567 esse
1609 520 1670 567 ab
1693 535 1834 583 apos-

453 594 554 641 tolo
587 593 647 641 de
681 594 860 656 electis,
891 595 988 657 qui,
1014 595 1245 658 quamdiu
1278 595 1329 641 in
1362 595 1456 642 hoc
1490 594 1672 642 mundo
1702 602 1832 653 sunt,

453 667 673 731 potentia
706 675 896 716 tantum
932 669 1146 717 eeclesia
1176 677 1304 727 sunt,
1331 685 1439 731 quae
1463 676 1575 717 actu
1597 676 1710 717 ante
1732 685 1833 717 non

454 743 561 802 erit,
587 759 731 806 quam
756 760 785 791 a
807 745 1028 806 reprobis
1054 745 1250 807 quidem
1275 752 1607 808 segregentur,
1631 745 1759 792 inter
1781 761 1832 792 se

453 833 568 866 vero
609 827 967 881 congregentur
1003 820 1054 866 in
1096 819 1173 867 die
1205 820 1392 883 judicii.
1461 820 1697 868 Ecclesia
1735 819 1835 867 Ro-

454 910 600 941 mana
622 910 889 957 permagna
912 895 1026 942 olim
1050 895 1157 951 fuit,
1176 896 1262 943 sed
1284 897 1405 943 fines
1429 895 1618 958 imperii
1642 910 1839 958 egressa-

453 985 553 1017 non
577 977 677 1025 est3
713 986 871 1033 neque
907 984 1023 1033 ergo
1060 971 1306 1030 universa,
1331 971 1425 1018 nisi
1460 987 1518 1017 eo
1554 985 1712 1028 sensu,
1737 985 1833 1032 quo

455 1045 640 1092 dictum
675 1046 822 1092 etiam
857 1053 930 1093 est
965 1046 1024 1093 de
1052 1046 1275 1093 Romana
1300 1046 1518 1104 civitate,
1539 1045 1703 1092 orbem
1721 1046 1835 1107 jam

456 1126 608 1167 totum
641 1120 800 1167 victor
833 1120 1081 1167 Romanus
1114 1121 1344 1179 habebat,
1370 1137 1480 1167 cum
1510 1136 1610 1167 non
1633 1120 1836 1167 haberet

454 1201 644 1257 partem
684 1196 786 1257 ejus
826 1195 1120 1242 vicesimam.
1190 1196 1451 1258 Postquam
1486 1202 1650 1242 autem
1683 1194 1835 1256 impe-

454 1269 582 1316 rium
606 1269 744 1316 civile
767 1269 818 1316 in
841 1278 1004 1332 partes
1036 1271 1333 1333 discerptum
1354 1271 1462 1329 fuit,
1482 1270 1684 1332 singulae
1719 1269 1836 1317 civi-

453 1351 579 1392 tates
603 1344 716 1391 inde
739 1352 922 1391 exortae
940 1345 1144 1392 totidem
1168 1353 1306 1392 erant
1330 1345 1584 1398 ecclesioe;
1621 1352 1671 1392 et
1689 1360 1835 1407 quam

452 1419 626 1466 habuit
649 1419 700 1465 in
724 1435 805 1466 eas
834 1419 1046 1466 eeclesia
1072 1420 1295 1468 Romana
1317 1427 1625 1483 potestatem,
1650 1436 1708 1468 ea
1729 1428 1835 1468 tota

453 1493 666 1556 pendere
707 1494 867 1556 potuit
908 1510 968 1540 ex
1004 1494 1218 1556 ipsarum
1258 1495 1562 1553 auctoritate,
1606 1511 1715 1557 quae
1752 1511 1835 1542 ex-

455 1569 608 1618 cussis
632 1569 1020 1632 imperatoribus,
1046 1569 1270 1617 doctores
1294 1576 1458 1617 tamen
1483 1570 1727 1617 Romanos
1748 1570 1836 1618 ha-

452 1644 568 1691 bere
593 1651 838 1692 contentae
863 1653 992 1692 sunt.

191 1731 391 1783 Eoneiesiasfici
520 1725 600 1766 23.
636 1719 992 1766 Ecclesiastiez'
1025 1718 1258 1782 appellari
1290 1725 1511 1782 possunt,
1545 1719 1629 1782 qui
1661 1735 1835 1767 munus

193 1787 253 1815 ‘³¹²¹‘
455 1794 506 1841 in
542 1794 755 1841 ecclesia
791 1800 1019 1841 exercent
1051 1793 1314 1856 publicum.
1385 1794 1647 1841 Munerum
1674 1801 1836 1842 autem

455 1876 560 1917 erat
593 1869 726 1916 aliud
757 1868 1094 1927 ministerium,
1131 1868 1278 1915 aliud
1308 1868 1665 1932 magisterium.
1732 1869 1836 1917 Mi-

414 2003 415 2006 *
455 1944 723 1991 nistrorum
745 1960 921 1991 munus
956 1952 1061 1991 erat
1094 1944 1326 1991 inservire
1357 1944 1552 2002 mensiS,
1575 1960 1837 2007 procurare

453 2020 584 2067 bona
617 2019 835 2067 ecclesiae
869 2019 1171 2082 temporalia,
1202 2020 1560 2082 portionesque,
1585 2036 1679 2082 quo
1717 2027 1838 2067 tem-

454 2111 573 2157 pore
597 2094 874 2141 divitiarum
904 2094 1036 2141 omni
1073 2093 1255 2141 abolita
1276 2093 1575 2156 proprietate
1611 2094 1671 2142 de
1706 2110 1836 2142 com·

454 2170 591 2217 muni
615 2170 885 2228 alebantur,
909 2170 960 2216 in
984 2170 1199 2233 singulos
1224 2169 1527 2217 distribuere.
1586 2168 1837 2234 Magistri

455 2252 620 2292 autem
653 2260 742 2307 pro
779 2244 964 2302 ordine,
1000 2244 1082 2291 alii
1116 2244 1349 2308 apostoli,
1379 2244 1461 2291 alii
1495 2244 1731 2308 episcopi,
1755 2242 1836 2291 alii

445 2320 757 2384 presbyteri,
798 2321 891 2367 hoc
933 2328 1021 2379 est,
1063 2321 1272 2382 majores
1308 2326 1429 2366 natu
1469 2320 1567 2367 sive
1608 2319 1834 2377 seniores,

454 2396 851 2459 appellabantur;
887 2412 988 2443 non
1023 2403 1187 2443 tamen
1224 2403 1279 2442 ut
1309 2393 1607 2459 presbyteri
1639 2393 1835 2441 nomine

455 2478 591 2529 aetaS,
612 2471 699 2518 sed
716 2471 925 2532 officium
941 2471 1334 2533 distingueretur.
1393 2469 1504 2517 Fuit
1522 2469 1650 2516 enim
1671 2467 1834 2515 Timo-

454 2546 595 2593 theus
623 2547 891 2609 presbyter,
922 2561 1215 2608 quamquam
1233 2544 1446 2607 juvenis;
1483 2544 1568 2591 sed
1592 2542 1704 2606 quia
1734 2542 1835 2604 ple-

453 2637 659 2683 rumque
710 2620 932 2667 seniore-§³
990 2620 1053 2667 ad
1109 2619 1407 2683 magisteria
1464 2617 1833 2676 adhibebantur,

454 2711 634 2743 nomen
667 2695 825 2742 aetatis
860 2694 922 2741 ad
957 2694 1328 2757 significandum
1351 2709 1525 2741 munus
1547 2699 1835 2754 usurpatum

456 2778 543 2818 est.
631 2770 785 2817 Iidem
831 2769 1067 2834 magistri
1111 2785 1201 2832 pro
1249 2768 1527 2816 diversitate
1578 2782 1835 2814 munerum

455 2846 755 2893 vocabantur
789 2844 868 2893 alii
907 2844 1141 2909 apostoli,
1165 2843 1246 2892 alii
1272 2843 1550 2908 prophetae,
1575 2841 1656 2889 alii
1686 2857 1833 2889 evan·
