2020 3262
507 250 595 293 192
1040 267 1322 300 LIBERTAS.

244 391 372 425 SECT.
391 392 459 425 111,
501 371 643 420 laesos
667 388 771 422 esse
795 375 1154 425 existimantes:
1191 377 1254 424 ad
1268 378 1422 442 pacis
1446 377 1594 440 igitur
1618 394 1871 428 conserva-

339 443 369 474 3·
442 490 447 497 ‚
501 447 700 508 tionem,
725 450 838 512 quia
873 451 1006 499 aliud
1027 452 1078 499 in
1101 453 1195 500 hoc
1225 469 1341 500 casu
1377 452 1644 500 remedium
1680 469 1871 517 aequum

504 523 769 586 excogitari
809 541 907 573 non
952 534 1128 589 potest,
1167 527 1491 574 necessarium
1527 534 1599 575 est
1635 536 1691 576 ut
1727 529 1870 578 ambo

503 597 789 646 dissidentes
826 600 877 647 in
903 601 1101 648 tertium
1137 602 1346 665 aliquem
1382 603 1704 662 consentiant,
1737 604 1872 667 cujus

503 674 755 722 sententiae
793 675 853 722 de
889 692 942 723 re
975 684 1288 724 controversa
1318 685 1527 725 staturos
1565 693 1669 726 esse
1695 679 1872 743 pactis

502 750 681 797 mutuis
705 766 756 798 se
780 751 1010 814 obligent.
1059 753 1222 815 Atque
1255 753 1309 811 is,
1333 753 1385 800 in
1409 769 1552 815 quem
1575 754 1644 801 sic
1669 769 1872 802 consen-

503 840 608 872 sum
634 832 721 884 est,
745 826 940 873 arbiter
955 834 1171 876 vocatur.
1218 829 1304 876 Est
1328 828 1477 891 igitur
1498 829 1618 892 legis
1639 829 1872 877 naturalis

501 908 800 964 praeceptum
824 901 1060 949 decimum
1088 904 1327 966 quintum,
1361 911 1594 967 oportere
1617 911 1873 969 utrumque

502 974 565 1021 de
605 976 727 1037 jure
768 975 898 1022 inter
940 993 994 1023 se
1042 977 1440 1042 disceptantium,
1481 978 1768 1026 submittere
1818 995 1874 1026 se

500 1049 715 1113 alicujus
739 1051 880 1098 tertii
904 1051 1133 1100 arbitria

223 1137 285 1187 Igex
298 1139 410 1165 naturae
421 1137 466 1166 de-
569 1131 647 1173 21.
684 1126 757 1172 Ex
782 1142 839 1173 eo
864 1134 1028 1174 autem
1053 1127 1184 1190 quod
1207 1127 1403 1174 arbiter
1427 1128 1524 1175 sive
1551 1127 1704 1190 judex
1726 1144 1756 1176 a
1778 1127 1873 1176 dis-

222 1183 486 1252 ῗηῖῗιῖηῗῖξζῗζῖῑ.
501 1201 808 1263 ceptantibus
832 1202 1013 1249 electus
1045 1203 1107 1250 sit
1143 1202 1206 1249 ad
1238 1203 1656 1250 determinandam
1681 1210 1872 1252 contro-

220 1270 483 1295 “”m⁰³¹¹⁸ae⁵¹²ae·
500 1275 722 1334 versiam,
769 1276 1011 1339 colligitur
1068 1285 1292 1341 oportere
1339 1279 1573 1326 arbitrum
1625 1295 1725 1326 non
1771 1295 1872 1327 esse

500 1366 652 1397 unum
676 1366 734 1397 ex
764 1351 879 1413 ipsis
917 1351 1311 1415 disceptantibus.
1381 1354 1508 1400 Nam
1547 1354 1872 1417 unusquisque

499 1425 809 1488 praesumitur
834 1426 1004 1474 bonum
1027 1428 1116 1475 sibi
1139 1428 1440 1486 naturaliter,
1458 1429 1650 1490 justum
1671 1436 1873 1492 propter

490 1517 673 1563 pacem
704 1506 909 1559 tantum,
935 1509 984 1549 et
1012 1519 1099 1565 per
1130 1503 1352 1550 accidens
1389 1519 1632 1566 quaerere3
1668 1504 1872 1568 ideoque

500 1590 598 1622 non
637 1592 778 1638 posse
803 1577 1130 1639 aequalitatem
1152 1578 1283 1626 illam
1320 1595 1350 1625 a
1379 1578 1486 1641 lege
1519 1579 1727 1626 naturali
1748 1595 1873 1642 prae-

500 1657 691 1713 ceptam
727 1658 828 1698 tam
864 1660 1091 1700 accurate
1115 1654 1370 1700 observare
1395 1669 1539 1715 quam
1571 1653 1754 1701 faceret
1775 1660 1872 1701 ter-

499 1725 609 1773 tius.
680 1726 968 1774 Continetur
1007 1728 1171 1791 itaque
1217 1728 1268 1775 in
1313 1729 1420 1791 lege
1455 1736 1645 1776 naturae
1687 1729 1872 1777 decimo

500 1808 634 1848 sexto
667 1801 792 1860 loco,
845 1802 1077 1850 neminem
1115 1803 1340 1865 judicem
1371 1802 1451 1850 vel
1484 1802 1728 1851 arbitrum
1766 1820 1874 1852 esse

500 1875 681 1922 debere
703 1892 802 1923 suoe
822 1876 981 1940 ipsius
1006 1893 1180 1924 eausoe.

223 1966 403 2015 tenatur—ae
418 1965 463 1993 aa
568 1956 646 1997 22.
682 1951 754 1998 Ex
802 1950 972 1997 eodem
1013 1951 1232 2014 sequitur
1271 1951 1458 1999 decimo
1500 1952 1706 2014 septimo
1750 1951 1872 2013 loco,

219 2011 485 2079 ζξζῗζξζῖζζῗζθξζθ
501 2025 734 2072 neminem
757 2025 1000 2073 arbitram
1023 2043 1130 2074 esse
1150 2033 1396 2090 oportere,
1422 2027 1501 2074 cici
1531 2027 1766 2074 commodi
1797 2027 1877 2074 vel

221 2094 486 2171 {ifffijpfeffgffffi
500 2100 681 2164 gloria>
721 2117 837 2164 spes
878 2101 1052 2165 aliqua
1092 2108 1312 2166 apparet
1357 2103 1517 2164 major
1561 2118 1623 2149 ea:
1661 2102 1873 2149 victoria

222 2190 346 2251 §1113111121
385 2189 474 2209 ⁰³1¹ssss
503 2175 645 2222 unius
659 2176 851 2240 partie,
871 2193 1016 2239 quam
1040 2176 1266 2224 alteriuS.
1303 2177 1395 2224 Par
1409 2177 1538 2224 enim
1555 2177 1681 2224 ratio
1698 2177 1874 2224 militat
1919 2217 1924 2222 .

216 2233 252 2261 Ν
275 2233 319 2252 ¹⁰³
333 2232 375 2251 ω’
502 2250 597 2310 hic,
622 2258 767 2314 atque
789 2251 840 2298 in
863 2251 970 2314 lege
993 2252 1313 2314 praecedente.

225 2347 286 2372 mx
300 2347 413 2372 naturae
570 2331 649 2374 23.
687 2326 895 2375 Quando
918 2343 1032 2374 vero
1065 2327 1125 2374 de
1147 2327 1250 2390 ipso
1274 2327 1403 2375 facto
1429 2327 1755 2375 controversia
1777 2327 1873 2375 ori-

222 2388 332 2415 decima
344 2390 454 2422 octava,

219 2431 255 2458 (10
268 2431 397 2459 testibus.
504 2408 600 2461 tur,
624 2418 797 2464 nempe
820 2418 884 2450 an
912 2402 1096 2449 factum
1120 2403 1183 2450 sit
1203 2418 1372 2461 necne,
1397 2402 1529 2465 quod
1549 2402 1733 2450 factum
1767 2417 1872 2451 esse
1943 2416 1946 2418 ’

507 2478 700 2537 dicitur,
740 2477 860 2540 legis
902 2478 1139 2525 naturalis
1159 2486 1233 2526 est
1255 2479 1358 2540 (per
1390 2477 1646 2526 articulum
1690 2479 1772 2539 15)
1813 2485 1871 2525 ut

503 2553 683 2600 arbiter
717 2568 854 2614 aeque
890 2552 1101 2614 utrique,
1125 2553 1177 2600 id
1211 2561 1285 2601 est
1325 2553 1459 2615 (quia
1494 2552 1873 2601 contradictoria

502 2626 764 2689 affirmant)
791 2627 951 2675 neutri
982 2627 1162 2675 credat.
1230 2627 1395 2675 Tertio
1434 2627 1597 2690 igitur,
1619 2627 1696 2675 vel
1726 2628 1871 2676 tertio

504 2712 554 2750 et
570 2711 759 2766 quarto,
778 2703 855 2750 vel
873 2703 1091 2766 pluribus
1107 2703 1302 2751 credere
1321 2708 1512 2765 oportet
1531 2719 1543 2757 3
1569 2708 1624 2749 ut
1648 2702 1707 2749 de
1724 2702 1870 2761 facto,

504 2779 693 2840 quoties
709 2778 812 2825 aliis
829 2778 977 2841 signis
995 2778 1108 2825 sciri
1125 2793 1224 2825 non
1238 2784 1411 2840 potest,
1427 2777 1713 2824 sententiam
1729 2777 1868 2825 ferat.

504 2853 603 2900 Lex
626 2853 775 2915 igitur
801 2853 989 2900 decima
1023 2860 1193 2901 octava
1215 2851 1448 2899 naturalis
1486 2851 1699 2899 arbitris
1723 2859 1773 2899 et
1784 2853 1870 2914 ju-
