<?xml version="1.0" encoding="UTF-8"?>
<!DOCTYPE html PUBLIC "-//W3C//DTD XHTML 1.0 Transitional//EN"
    "http://www.w3.org/TR/xhtml1/DTD/xhtml1-transitional.dtd">
<html xmlns="http://www.w3.org/1999/xhtml" xml:lang="en" lang="en">
 <head>
  <title>
</title>
<meta http-equiv="Content-Type" content="text/html;charset=utf-8" />
  <meta name='ocr-system' content='tesseract 3.04.00' />
  <meta name='ocr-capabilities' content='ocr_page ocr_carea ocr_par ocr_line ocrx_word'/>
</head>
<body>
  <div class='ocr_page' id='page_1' title='image "./operaphilosophic02hobbuoft_0290.png"; bbox 0 0 2020 3262; ppageno 0'>
   <div class='ocr_carea' id='block_1_1' title="bbox 142 375 367 407">
    <p class='ocr_par' dir='ltr' id='par_1_1' title="bbox 142 375 367 407">
     <span class='ocr_line' id='line_1_1' title="bbox 142 375 367 407; baseline 0.004 -1"><span class='ocrx_word' id='word_1_1' title='bbox 142 375 270 406; x_wconf 88' lang='lat' dir='ltr'>SECT.</span> <span class='ocrx_word' id='word_1_2' title='bbox 298 375 367 407; x_wconf 88' lang='lat'>111.</span> 
     </span>
    </p>
   </div>
   <div class='ocr_carea' id='block_1_2' title="bbox 231 426 282 456">
    <p class='ocr_par' dir='ltr' id='par_1_2' title="bbox 231 426 282 456">
     <span class='ocr_line' id='line_1_2' title="bbox 231 426 282 456; baseline 0 0"><span class='ocrx_word' id='word_1_3' title='bbox 231 426 282 456; x_wconf 92' lang='grc'>10.</span> 
     </span>
    </p>
   </div>
   <div class='ocr_carea' id='block_1_3' title="bbox 203 1494 392 1619">
    <p class='ocr_par' dir='ltr' id='par_1_3' title="bbox 203 1494 392 1619">
     <span class='ocr_line' id='line_1_3' title="bbox 203 1494 392 1524; baseline -0.016 0"><span class='ocrx_word' id='word_1_4' title='bbox 203 1494 392 1524; x_wconf 77' lang='lat' dir='ltr'>Incommoda</span> 
     </span>
     <span class='ocr_line' id='line_1_4' title="bbox 203 1539 388 1567; baseline -0.016 0"><span class='ocrx_word' id='word_1_5' title='bbox 203 1539 328 1567; x_wconf 76' lang='lat' dir='ltr'>civitatis</span> <span class='ocrx_word' id='word_1_6' title='bbox 351 1547 388 1565; x_wconf 87' lang='lat' dir='ltr'>ex</span> 
     </span>
     <span class='ocr_line' id='line_1_5' title="bbox 203 1589 392 1619; baseline -0.016 -9"><span class='ocrx_word' id='word_1_7' title='bbox 203 1591 268 1619; x_wconf 75' lang='lat' dir='ltr'>rege</span> <span class='ocrx_word' id='word_1_8' title='bbox 295 1589 392 1618; x_wconf 76' lang='lat' dir='ltr'>puero,</span> 
     </span>
    </p>
   </div>
   <div class='ocr_carea' id='block_1_4' title="bbox 397 230 1238 281">
    <p class='ocr_par' dir='ltr' id='par_1_4' title="bbox 397 230 1238 281">
     <span class='ocr_line' id='line_1_6' title="bbox 397 230 1238 281; baseline 0.004 -7"><span class='ocrx_word' id='word_1_9' title='bbox 397 230 492 281; x_wconf 84' lang='lat'>276</span> <span class='ocrx_word' id='word_1_10' title='bbox 936 245 1238 279; x_wconf 81' lang='lat' dir='ltr'><strong>IMPERIUM.</strong></span> 
     </span>
    </p>
   </div>
   <div class='ocr_carea' id='block_1_5' title="bbox 400 353 1804 2892">
    <p class='ocr_par' dir='ltr' id='par_1_5' title="bbox 400 353 1804 2892">
     <span class='ocr_line' id='line_1_7' title="bbox 400 353 1787 417; baseline 0.001 -18"><span class='ocrx_word' id='word_1_11' title='bbox 400 353 688 400; x_wconf 80' lang='lat' dir='ltr'><em>monarchia</em></span> <span class='ocrx_word' id='word_1_12' title='bbox 697 372 714 408; x_wconf 91' lang='lat'><em>;</em></span> <span class='ocrx_word' id='word_1_13' title='bbox 739 369 829 401; x_wconf 88' lang='lat' dir='ltr'>nec</span> <span class='ocrx_word' id='word_1_14' title='bbox 845 355 974 402; x_wconf 91' lang='lat' dir='ltr'>enim</span> <span class='ocrx_word' id='word_1_15' title='bbox 989 355 1130 403; x_wconf 87' lang='lat' dir='ltr'>aliter</span> <span class='ocrx_word' id='word_1_16' title='bbox 1144 355 1251 402; x_wconf 91' lang='lat' dir='ltr'>fieri</span> <span class='ocrx_word' id='word_1_17' title='bbox 1268 354 1408 402; x_wconf 91' lang='lat' dir='ltr'>facile</span> <span class='ocrx_word' id='word_1_18' title='bbox 1422 359 1600 417; x_wconf 90' lang='lat' dir='ltr'>potest.</span> <span class='ocrx_word' id='word_1_19' title='bbox 1651 353 1787 402; x_wconf 87' lang='lat' dir='ltr'>Nihil</span> 
     </span>
     <span class='ocr_line' id='line_1_8' title="bbox 402 427 1787 492; baseline 0.001 -18"><span class='ocrx_word' id='word_1_20' title='bbox 402 427 534 475; x_wconf 90' lang='lat' dir='ltr'>enim</span> <span class='ocrx_word' id='word_1_21' title='bbox 554 434 627 475; x_wconf 89' lang='lat' dir='ltr'>est</span> <span class='ocrx_word' id='word_1_22' title='bbox 649 437 849 492; x_wconf 88' lang='lat' dir='ltr'>propter</span> <span class='ocrx_word' id='word_1_23' title='bbox 873 430 1003 492; x_wconf 93' lang='lat' dir='ltr'>quod</span> <span class='ocrx_word' id='word_1_24' title='bbox 1025 446 1124 477; x_wconf 93' lang='lat' dir='ltr'>non</span> <span class='ocrx_word' id='word_1_25' title='bbox 1155 429 1293 476; x_wconf 89' lang='lat' dir='ltr'>malit</span> <span class='ocrx_word' id='word_1_26' title='bbox 1317 429 1573 491; x_wconf 83' lang='lat' dir='ltr'>quisquam</span> <span class='ocrx_word' id='word_1_27' title='bbox 1596 428 1672 475; x_wconf 82' lang='lat' dir='ltr'>rei</span> <span class='ocrx_word' id='word_1_28' title='bbox 1687 428 1787 492; x_wconf 85' lang='lat' dir='ltr'>fa-</span> 
     </span>
     <span class='ocr_line' id='line_1_9' title="bbox 400 502 1788 569; baseline 0.004 -19"><span class='ocrx_word' id='word_1_29' title='bbox 400 502 592 550; x_wconf 77' lang='lat' dir='ltr'><em>miliari</em></span> <span class='ocrx_word' id='word_1_30' title='bbox 629 503 790 566; x_wconf 92' lang='lat' dir='ltr'>potius</span> <span class='ocrx_word' id='word_1_31' title='bbox 823 520 968 566; x_wconf 90' lang='lat' dir='ltr'>quam</span> <span class='ocrx_word' id='word_1_32' title='bbox 996 504 1220 569; x_wconf 79' lang='lat' dir='ltr'>pablicoe</span> <span class='ocrx_word' id='word_1_33' title='bbox 1243 520 1430 562; x_wconf 85' lang='lat' dir='ltr'>vacare,</span> <span class='ocrx_word' id='word_1_34' title='bbox 1461 510 1788 567; x_wconf 74' lang='lat' dir='ltr'><strong>praeterquam</strong></span> 
     </span>
     <span class='ocr_line' id='line_1_10' title="bbox 402 577 1790 641; baseline 0.001 -17"><span class='ocrx_word' id='word_1_35' title='bbox 402 577 534 641; x_wconf 88' lang='lat' dir='ltr'>quod</span> <span class='ocrx_word' id='word_1_36' title='bbox 572 577 736 626; x_wconf 90' lang='lat' dir='ltr'>locum</span> <span class='ocrx_word' id='word_1_37' title='bbox 774 594 878 626; x_wconf 89' lang='lat' dir='ltr'>esse</span> <span class='ocrx_word' id='word_1_38' title='bbox 907 579 1041 626; x_wconf 90' lang='lat' dir='ltr'>videt</span> <span class='ocrx_word' id='word_1_39' title='bbox 1080 578 1323 627; x_wconf 79' lang='lat' dir='ltr'>facundiae</span> <span class='ocrx_word' id='word_1_40' title='bbox 1363 594 1478 636; x_wconf 80' lang='lat' dir='ltr'>suae,</span> <span class='ocrx_word' id='word_1_41' title='bbox 1504 594 1600 641; x_wconf 89' lang='lat' dir='ltr'>qua</span> <span class='ocrx_word' id='word_1_42' title='bbox 1634 577 1790 640; x_wconf 84' lang='lat' dir='ltr'><strong>possit</strong></span> 
     </span>
     <span class='ocr_line' id='line_1_11' title="bbox 400 652 1789 716; baseline 0 -16"><span class='ocrx_word' id='word_1_43' title='bbox 400 652 584 716; x_wconf 85' lang='lat' dir='ltr'>ingenii</span> <span class='ocrx_word' id='word_1_44' title='bbox 621 659 669 701; x_wconf 91' lang='lat' dir='ltr'>et</span> <span class='ocrx_word' id='word_1_45' title='bbox 699 654 971 716; x_wconf 79' lang='lat' dir='ltr'>prudentiae</span> <span class='ocrx_word' id='word_1_46' title='bbox 1005 654 1414 701; x_wconf 82' lang='lat' dir='ltr'>existimationem</span> <span class='ocrx_word' id='word_1_47' title='bbox 1448 653 1714 716; x_wconf 85' lang='lat' dir='ltr'>acquirere,</span> <span class='ocrx_word' id='word_1_48' title='bbox 1738 658 1789 700; x_wconf 87' lang='lat' dir='ltr'>et</span> 
     </span>
     <span class='ocr_line' id='line_1_12' title="bbox 402 727 1788 792; baseline 0.001 -18"><span class='ocrx_word' id='word_1_49' title='bbox 402 727 601 775; x_wconf 90' lang='lat' dir='ltr'>domum</span> <span class='ocrx_word' id='word_1_50' title='bbox 620 743 840 776; x_wconf 87' lang='lat' dir='ltr'>reversus</span> <span class='ocrx_word' id='word_1_51' title='bbox 865 729 996 791; x_wconf 87' lang='lat' dir='ltr'>apud</span> <span class='ocrx_word' id='word_1_52' title='bbox 1013 729 1209 787; x_wconf 82' lang='lat' dir='ltr'>amicos,</span> <span class='ocrx_word' id='word_1_53' title='bbox 1233 737 1476 792; x_wconf 84' lang='lat' dir='ltr'>parentes,</span> <span class='ocrx_word' id='word_1_54' title='bbox 1500 743 1788 791; x_wconf 77' lang='lat' dir='ltr'>uxoresque,</span> 
     </span>
     <span class='ocr_line' id='line_1_13' title="bbox 401 802 1790 866; baseline 0.001 -17"><span class='ocrx_word' id='word_1_55' title='bbox 401 818 456 850; x_wconf 90' lang='lat' dir='ltr'>re</span> <span class='ocrx_word' id='word_1_56' title='bbox 477 802 603 849; x_wconf 89' lang='lat' dir='ltr'>bene</span> <span class='ocrx_word' id='word_1_57' title='bbox 629 809 782 865; x_wconf 77' lang='lat' dir='ltr'>gesta,</span> <span class='ocrx_word' id='word_1_58' title='bbox 806 804 1140 866; x_wconf 86' lang='lat' dir='ltr'>triumphare;</span> <span class='ocrx_word' id='word_1_59' title='bbox 1177 805 1304 852; x_wconf 90' lang='lat' dir='ltr'>sicut</span> <span class='ocrx_word' id='word_1_60' title='bbox 1341 805 1457 852; x_wconf 92' lang='lat' dir='ltr'>olim</span> <span class='ocrx_word' id='word_1_61' title='bbox 1494 805 1665 851; x_wconf 88' lang='lat' dir='ltr'>Marco</span> <span class='ocrx_word' id='word_1_62' title='bbox 1697 803 1790 851; x_wconf 69' lang='lat' dir='ltr'>Co—</span> 
     </span>
     <span class='ocr_line' id='line_1_14' title="bbox 403 877 1792 943; baseline 0.001 -19"><span class='ocrx_word' id='word_1_63' title='bbox 403 877 590 925; x_wconf 89' lang='lat' dir='ltr'>riolano</span> <span class='ocrx_word' id='word_1_64' title='bbox 616 878 773 925; x_wconf 90' lang='lat' dir='ltr'>omnis</span> <span class='ocrx_word' id='word_1_65' title='bbox 797 895 826 925; x_wconf 92' lang='lat' dir='ltr'>a</span> <span class='ocrx_word' id='word_1_66' title='bbox 852 878 996 926; x_wconf 87' lang='lat' dir='ltr'>factis</span> <span class='ocrx_word' id='word_1_67' title='bbox 1026 879 1210 926; x_wconf 84' lang='lat' dir='ltr'>bellicis</span> <span class='ocrx_word' id='word_1_68' title='bbox 1237 879 1518 943; x_wconf 85' lang='lat' dir='ltr'>jucunditas</span> <span class='ocrx_word' id='word_1_69' title='bbox 1542 879 1594 926; x_wconf 91' lang='lat' dir='ltr'>in</span> <span class='ocrx_word' id='word_1_70' title='bbox 1616 894 1674 926; x_wconf 91' lang='lat' dir='ltr'>eo</span> <span class='ocrx_word' id='word_1_71' title='bbox 1699 878 1792 926; x_wconf 85' lang='lat' dir='ltr'>sita</span> 
     </span>
     <span class='ocr_line' id='line_1_15' title="bbox 404 953 1792 1017; baseline 0.001 -18"><span class='ocrx_word' id='word_1_72' title='bbox 404 959 527 1010; x_wconf 86' lang='lat' dir='ltr'>erat,</span> <span class='ocrx_word' id='word_1_73' title='bbox 545 953 677 1015; x_wconf 90' lang='lat' dir='ltr'>quod</span> <span class='ocrx_word' id='word_1_74' title='bbox 691 953 881 1000; x_wconf 90' lang='lat' dir='ltr'>videret</span> <span class='ocrx_word' id='word_1_75' title='bbox 901 953 1069 1001; x_wconf 87' lang='lat' dir='ltr'>laudes</span> <span class='ocrx_word' id='word_1_76' title='bbox 1090 970 1200 1002; x_wconf 87' lang='lat' dir='ltr'>suas</span> <span class='ocrx_word' id='word_1_77' title='bbox 1217 955 1410 1017; x_wconf 88' lang='lat' dir='ltr'>placere</span> <span class='ocrx_word' id='word_1_78' title='bbox 1425 954 1585 1002; x_wconf 90' lang='lat' dir='ltr'>matri.</span> <span class='ocrx_word' id='word_1_79' title='bbox 1645 953 1792 1003; x_wconf 78' lang='lat' dir='ltr'>Quod</span> 
     </span>
     <span class='ocr_line' id='line_1_16' title="bbox 404 1028 1793 1094; baseline 0.001 -19"><span class='ocrx_word' id='word_1_80' title='bbox 404 1028 445 1076; x_wconf 88' lang='lat' dir='ltr'>si</span> <span class='ocrx_word' id='word_1_81' title='bbox 468 1028 520 1075; x_wconf 89' lang='lat' dir='ltr'>in</span> <span class='ocrx_word' id='word_1_82' title='bbox 538 1028 848 1076; x_wconf 77' lang='lat' dir='ltr'>democratia</span> <span class='ocrx_word' id='word_1_83' title='bbox 873 1029 1096 1094; x_wconf 74' lang='lat' dir='ltr'>popalus</span> <span class='ocrx_word' id='word_1_84' title='bbox 1120 1030 1489 1078; x_wconf 84' lang='lat' dir='ltr'>deliberationes</span> <span class='ocrx_word' id='word_1_85' title='bbox 1508 1030 1568 1077; x_wconf 87' lang='lat' dir='ltr'>de</span> <span class='ocrx_word' id='word_1_86' title='bbox 1590 1029 1718 1077; x_wconf 93' lang='lat' dir='ltr'>bello</span> <span class='ocrx_word' id='word_1_87' title='bbox 1742 1035 1793 1076; x_wconf 90' lang='lat' dir='ltr'>et</span> 
     </span>
     <span class='ocr_line' id='line_1_17' title="bbox 403 1103 1792 1166; baseline 0.001 -16"><span class='ocrx_word' id='word_1_88' title='bbox 403 1118 523 1165; x_wconf 88' lang='lat' dir='ltr'>pace</span> <span class='ocrx_word' id='word_1_89' title='bbox 561 1110 610 1150; x_wconf 90' lang='lat' dir='ltr'>et</span> <span class='ocrx_word' id='word_1_90' title='bbox 649 1103 709 1150; x_wconf 92' lang='lat' dir='ltr'>de</span> <span class='ocrx_word' id='word_1_91' title='bbox 736 1103 923 1166; x_wconf 83' lang='lat' dir='ltr'>legibus</span> <span class='ocrx_word' id='word_1_92' title='bbox 964 1104 1178 1152; x_wconf 89' lang='lat' dir='ltr'>ferendis</span> <span class='ocrx_word' id='word_1_93' title='bbox 1215 1105 1278 1152; x_wconf 90' lang='lat' dir='ltr'>ad</span> <span class='ocrx_word' id='word_1_94' title='bbox 1318 1122 1471 1152; x_wconf 91' lang='lat' dir='ltr'>unum</span> <span class='ocrx_word' id='word_1_95' title='bbox 1503 1112 1697 1152; x_wconf 88' lang='lat' dir='ltr'>tantum</span> <span class='ocrx_word' id='word_1_96' title='bbox 1715 1104 1792 1152; x_wconf 89' lang='lat' dir='ltr'>vel</span> 
     </span>
     <span class='ocr_line' id='line_1_18' title="bbox 403 1177 1792 1240; baseline 0.002 -16"><span class='ocrx_word' id='word_1_97' title='bbox 403 1177 545 1225; x_wconf 85' lang='lat' dir='ltr'>valde</span> <span class='ocrx_word' id='word_1_98' title='bbox 569 1194 749 1240; x_wconf 88' lang='lat' dir='ltr'>paucos</span> <span class='ocrx_word' id='word_1_99' title='bbox 781 1178 969 1226; x_wconf 89' lang='lat' dir='ltr'>deferre</span> <span class='ocrx_word' id='word_1_100' title='bbox 993 1180 1154 1238; x_wconf 87' lang='lat' dir='ltr'>vellet,</span> <span class='ocrx_word' id='word_1_101' title='bbox 1179 1187 1438 1227; x_wconf 90' lang='lat' dir='ltr'>contentus</span> <span class='ocrx_word' id='word_1_102' title='bbox 1461 1179 1792 1227; x_wconf 88' lang='lat' dir='ltr'>nominatione</span> 
     </span>
     <span class='ocr_line' id='line_1_19' title="bbox 404 1253 1792 1317; baseline 0.002 -18"><span class='ocrx_word' id='word_1_103' title='bbox 404 1253 779 1315; x_wconf 84' lang='lat' dir='ltr'>magistratuum</span> <span class='ocrx_word' id='word_1_104' title='bbox 802 1260 852 1300; x_wconf 92' lang='lat' dir='ltr'>et</span> <span class='ocrx_word' id='word_1_105' title='bbox 875 1254 1208 1301; x_wconf 89' lang='lat' dir='ltr'>ministrorum</span> <span class='ocrx_word' id='word_1_106' title='bbox 1242 1255 1562 1317; x_wconf 83' lang='lat' dir='ltr'>publicorum,</span> <span class='ocrx_word' id='word_1_107' title='bbox 1585 1255 1680 1302; x_wconf 90' lang='lat' dir='ltr'>hoc</span> <span class='ocrx_word' id='word_1_108' title='bbox 1704 1262 1792 1313; x_wconf 88' lang='lat' dir='ltr'>est,</span> 
     </span>
     <span class='ocr_line' id='line_1_20' title="bbox 405 1328 1794 1388; baseline 0.004 -15"><span class='ocrx_word' id='word_1_109' title='bbox 405 1328 702 1374; x_wconf 83' lang='lat' dir='ltr'>authoritate</span> <span class='ocrx_word' id='word_1_110' title='bbox 739 1328 844 1375; x_wconf 91' lang='lat' dir='ltr'>sine</span> <span class='ocrx_word' id='word_1_111' title='bbox 879 1329 1162 1388; x_wconf 82' lang='lat' dir='ltr'>ministerio,</span> <span class='ocrx_word' id='word_1_112' title='bbox 1186 1337 1304 1377; x_wconf 90' lang='lat' dir='ltr'>tunc</span> <span class='ocrx_word' id='word_1_113' title='bbox 1334 1330 1586 1378; x_wconf 90' lang='lat' dir='ltr'>fatendum</span> <span class='ocrx_word' id='word_1_114' title='bbox 1610 1336 1685 1377; x_wconf 90' lang='lat' dir='ltr'>est</span> <span class='ocrx_word' id='word_1_115' title='bbox 1709 1330 1794 1378; x_wconf 84' lang='lat' dir='ltr'>de-</span> 
     </span>
     <span class='ocr_line' id='line_1_21' title="bbox 407 1402 1758 1468; baseline 0.003 -20"><span class='ocrx_word' id='word_1_116' title='bbox 407 1402 700 1449; x_wconf 77' lang='lat' dir='ltr'>mocratiam</span> <span class='ocrx_word' id='word_1_117' title='bbox 724 1410 773 1450; x_wconf 92' lang='lat' dir='ltr'>et</span> <span class='ocrx_word' id='word_1_118' title='bbox 795 1404 1129 1451; x_wconf 76' lang='lat' dir='ltr'>monarchiam</span> <span class='ocrx_word' id='word_1_119' title='bbox 1151 1405 1244 1452; x_wconf 90' lang='lat' dir='ltr'>hac</span> <span class='ocrx_word' id='word_1_120' title='bbox 1259 1405 1310 1451; x_wconf 91' lang='lat' dir='ltr'>in</span> <span class='ocrx_word' id='word_1_121' title='bbox 1332 1421 1384 1452; x_wconf 92' lang='lat' dir='ltr'>re</span> <span class='ocrx_word' id='word_1_122' title='bbox 1409 1405 1616 1468; x_wconf 88' lang='lat' dir='ltr'>aequales</span> <span class='ocrx_word' id='word_1_123' title='bbox 1638 1405 1758 1452; x_wconf 84' lang='lat' dir='ltr'>fore.</span> 
     </span>
     <span class='ocr_line' id='line_1_22' title="bbox 482 1477 1796 1543; baseline 0.004 -20"><span class='ocrx_word' id='word_1_124' title='bbox 482 1483 555 1524; x_wconf 89' lang='lat'>16.</span> <span class='ocrx_word' id='word_1_125' title='bbox 592 1477 764 1540; x_wconf 88' lang='lat' dir='ltr'>Neque</span> <span class='ocrx_word' id='word_1_126' title='bbox 790 1479 1046 1525; x_wconf 84' lang='lat' dir='ltr'>commoda</span> <span class='ocrx_word' id='word_1_127' title='bbox 1067 1479 1143 1526; x_wconf 89' lang='lat' dir='ltr'>vel</span> <span class='ocrx_word' id='word_1_128' title='bbox 1162 1479 1483 1538; x_wconf 81' lang='lat' dir='ltr'>incommoda,</span> <span class='ocrx_word' id='word_1_129' title='bbox 1509 1497 1617 1543; x_wconf 90' lang='lat' dir='ltr'>quae</span> <span class='ocrx_word' id='word_1_130' title='bbox 1640 1479 1796 1543; x_wconf 83' lang='lat' dir='ltr'>magis</span> 
     </span>
     <span class='ocr_line' id='line_1_23' title="bbox 408 1552 1796 1618; baseline 0.003 -19"><span class='ocrx_word' id='word_1_131' title='bbox 408 1553 460 1599; x_wconf 94' lang='lat' dir='ltr'>in</span> <span class='ocrx_word' id='word_1_132' title='bbox 483 1568 582 1599; x_wconf 85' lang='lat' dir='ltr'>una</span> <span class='ocrx_word' id='word_1_133' title='bbox 607 1568 753 1614; x_wconf 87' lang='lat' dir='ltr'>quam</span> <span class='ocrx_word' id='word_1_134' title='bbox 777 1552 828 1599; x_wconf 92' lang='lat' dir='ltr'>in</span> <span class='ocrx_word' id='word_1_135' title='bbox 851 1553 947 1600; x_wconf 87' lang='lat' dir='ltr'>alia</span> <span class='ocrx_word' id='word_1_136' title='bbox 968 1553 1180 1601; x_wconf 87' lang='lat' dir='ltr'>civitatis</span> <span class='ocrx_word' id='word_1_137' title='bbox 1204 1555 1362 1617; x_wconf 86' lang='lat' dir='ltr'>specie</span> <span class='ocrx_word' id='word_1_138' title='bbox 1386 1556 1711 1618; x_wconf 87' lang='lat' dir='ltr'>reperiuntur,</span> <span class='ocrx_word' id='word_1_139' title='bbox 1736 1571 1796 1603; x_wconf 87' lang='lat' dir='ltr'>ex</span> 
     </span>
     <span class='ocr_line' id='line_1_24' title="bbox 410 1628 1798 1693; baseline 0.001 -19"><span class='ocrx_word' id='word_1_140' title='bbox 410 1644 467 1675; x_wconf 91' lang='grc'>00</span> <span class='ocrx_word' id='word_1_141' title='bbox 507 1628 797 1690; x_wconf 82' lang='lat' dir='ltr'>procedunt,</span> <span class='ocrx_word' id='word_1_142' title='bbox 834 1629 966 1691; x_wconf 90' lang='lat' dir='ltr'>quod</span> <span class='ocrx_word' id='word_1_143' title='bbox 1006 1629 1166 1691; x_wconf 89' lang='lat' dir='ltr'>ipsum</span> <span class='ocrx_word' id='word_1_144' title='bbox 1199 1630 1457 1693; x_wconf 90' lang='lat' dir='ltr'>imperium</span> <span class='ocrx_word' id='word_1_145' title='bbox 1491 1646 1576 1678; x_wconf 88' lang='lat' dir='ltr'>seu</span> <span class='ocrx_word' id='word_1_146' title='bbox 1609 1629 1798 1693; x_wconf 90' lang='lat' dir='ltr'>imperii</span> 
     </span>
     <span class='ocr_line' id='line_1_25' title="bbox 410 1703 1798 1768; baseline 0.001 -17"><span class='ocrx_word' id='word_1_147' title='bbox 410 1704 609 1766; x_wconf 83' lang='lat' dir='ltr'>negotia</span> <span class='ocrx_word' id='word_1_148' title='bbox 645 1703 1031 1751; x_wconf 88' lang='lat' dir='ltr'>administranda</span> <span class='ocrx_word' id='word_1_149' title='bbox 1064 1705 1234 1752; x_wconf 90' lang='lat' dir='ltr'>melius</span> <span class='ocrx_word' id='word_1_150' title='bbox 1265 1705 1350 1752; x_wconf 92' lang='lat' dir='ltr'>uni</span> <span class='ocrx_word' id='word_1_151' title='bbox 1387 1721 1532 1768; x_wconf 91' lang='lat' dir='ltr'>quam</span> <span class='ocrx_word' id='word_1_152' title='bbox 1561 1705 1798 1768; x_wconf 89' lang='lat' dir='ltr'>pluribus,</span> 
     </span>
     <span class='ocr_line' id='line_1_26' title="bbox 411 1779 1798 1843; baseline 0.001 -17"><span class='ocrx_word' id='word_1_153' title='bbox 411 1780 488 1827; x_wconf 92' lang='lat' dir='ltr'>vel</span> <span class='ocrx_word' id='word_1_154' title='bbox 503 1786 675 1826; x_wconf 88' lang='lat' dir='ltr'>contra</span> <span class='ocrx_word' id='word_1_155' title='bbox 687 1779 907 1842; x_wconf 89' lang='lat' dir='ltr'>pluribus</span> <span class='ocrx_word' id='word_1_156' title='bbox 923 1796 1069 1842; x_wconf 89' lang='lat' dir='ltr'>quam</span> <span class='ocrx_word' id='word_1_157' title='bbox 1083 1780 1391 1843; x_wconf 85' lang='lat' dir='ltr'>paucioribus</span> <span class='ocrx_word' id='word_1_158' title='bbox 1411 1780 1798 1827; x_wconf 85' lang='lat' dir='ltr'>committuntur.</span> 
     </span>
     <span class='ocr_line' id='line_1_27' title="bbox 413 1853 1800 1918; baseline 0 -17"><span class='ocrx_word' id='word_1_159' title='bbox 413 1855 542 1902; x_wconf 90' lang='lat' dir='ltr'>Nam</span> <span class='ocrx_word' id='word_1_160' title='bbox 566 1855 825 1917; x_wconf 89' lang='lat' dir='ltr'>imperium</span> <span class='ocrx_word' id='word_1_161' title='bbox 838 1855 1089 1918; x_wconf 76' lang='lat' dir='ltr'>potentia,</span> <span class='ocrx_word' id='word_1_162' title='bbox 1115 1854 1470 1902; x_wconf 84' lang='lat' dir='ltr'>administratio</span> <span class='ocrx_word' id='word_1_163' title='bbox 1494 1853 1800 1918; x_wconf 86' lang='lat' dir='ltr'>gubernandi</span> 
     </span>
     <span class='ocr_line' id='line_1_28' title="bbox 414 1929 1801 1993; baseline 0 -16"><span class='ocrx_word' id='word_1_164' title='bbox 414 1937 557 1977; x_wconf 76' lang='lat' dir='ltr'>actus</span> <span class='ocrx_word' id='word_1_165' title='bbox 582 1937 668 1977; x_wconf 88' lang='lat' dir='ltr'>est.</span> <span class='ocrx_word' id='word_1_166' title='bbox 739 1929 974 1977; x_wconf 73' lang='lat' dir='ltr'>Potentia</span> <span class='ocrx_word' id='word_1_167' title='bbox 998 1938 1162 1978; x_wconf 89' lang='lat' dir='ltr'>autem</span> <span class='ocrx_word' id='word_1_168' title='bbox 1185 1931 1237 1977; x_wconf 90' lang='lat' dir='ltr'>in</span> <span class='ocrx_word' id='word_1_169' title='bbox 1256 1931 1389 1978; x_wconf 89' lang='lat' dir='ltr'>omni</span> <span class='ocrx_word' id='word_1_170' title='bbox 1407 1930 1616 1978; x_wconf 89' lang='lat' dir='ltr'>civitatis</span> <span class='ocrx_word' id='word_1_171' title='bbox 1640 1930 1801 1993; x_wconf 87' lang='lat' dir='ltr'>specie</span> 
     </span>
     <span class='ocr_line' id='line_1_29' title="bbox 414 2006 1801 2068; baseline -0.001 -15"><span class='ocrx_word' id='word_1_172' title='bbox 414 2006 614 2068; x_wconf 82' lang='lat' dir='ltr'>aequalis</span> <span class='ocrx_word' id='word_1_173' title='bbox 656 2013 758 2059; x_wconf 89' lang='lat' dir='ltr'>est;</span> <span class='ocrx_word' id='word_1_174' title='bbox 797 2006 885 2052; x_wconf 89' lang='lat' dir='ltr'>soli</span> <span class='ocrx_word' id='word_1_175' title='bbox 926 2013 1068 2053; x_wconf 70' lang='lat' dir='ltr'>actus</span> <span class='ocrx_word' id='word_1_176' title='bbox 1105 2006 1351 2064; x_wconf 84' lang='lat' dir='ltr'>differunt,</span> <span class='ocrx_word' id='word_1_177' title='bbox 1383 2007 1477 2054; x_wconf 90' lang='lat' dir='ltr'>hoc</span> <span class='ocrx_word' id='word_1_178' title='bbox 1519 2013 1607 2064; x_wconf 83' lang='lat' dir='ltr'>est,</span> <span class='ocrx_word' id='word_1_179' title='bbox 1645 2012 1801 2053; x_wconf 69' lang='lat' dir='ltr'>mota-s·</span> 
     </span>
     <span class='ocr_line' id='line_1_30' title="bbox 416 2080 1801 2144; baseline -0.001 -16"><span class='ocrx_word' id='word_1_180' title='bbox 416 2088 563 2143; x_wconf 88' lang='lat' dir='ltr'>atque</span> <span class='ocrx_word' id='word_1_181' title='bbox 584 2081 806 2127; x_wconf 74' lang='lat' dir='ltr'>actiones</span> <span class='ocrx_word' id='word_1_182' title='bbox 825 2081 1051 2138; x_wconf 82' lang='lat' dir='ltr'>civitatis,</span> <span class='ocrx_word' id='word_1_183' title='bbox 1076 2089 1222 2144; x_wconf 90' lang='lat' dir='ltr'>prout</span> <span class='ocrx_word' id='word_1_184' title='bbox 1236 2082 1528 2144; x_wconf 88' lang='lat' dir='ltr'>proveniunt</span> <span class='ocrx_word' id='word_1_185' title='bbox 1545 2097 1575 2128; x_wconf 90' lang='lat' dir='ltr'>a</span> <span class='ocrx_word' id='word_1_186' title='bbox 1590 2080 1801 2144; x_wconf 90' lang='lat' dir='ltr'>plurium</span> 
     </span>
     <span class='ocr_line' id='line_1_31' title="bbox 415 2155 1801 2219; baseline -0.001 -16"><span class='ocrx_word' id='word_1_187' title='bbox 415 2157 492 2204; x_wconf 87' lang='lat' dir='ltr'>vel</span> <span class='ocrx_word' id='word_1_188' title='bbox 526 2156 826 2218; x_wconf 82' lang='lat' dir='ltr'>pauciorum,</span> <span class='ocrx_word' id='word_1_189' title='bbox 851 2156 1120 2218; x_wconf 88' lang='lat' dir='ltr'>peritorum</span> <span class='ocrx_word' id='word_1_190' title='bbox 1145 2156 1221 2203; x_wconf 93' lang='lat' dir='ltr'>vel</span> <span class='ocrx_word' id='word_1_191' title='bbox 1254 2156 1586 2219; x_wconf 89' lang='lat' dir='ltr'>imperitorum</span> <span class='ocrx_word' id='word_1_192' title='bbox 1622 2155 1801 2202; x_wconf 86' lang='lat' dir='ltr'>delibe-</span> 
     </span>
     <span class='ocr_line' id='line_1_32' title="bbox 416 2229 1803 2294; baseline -0.001 -16"><span class='ocrx_word' id='word_1_193' title='bbox 416 2232 700 2279; x_wconf 88' lang='lat' dir='ltr'>rationibus.</span> <span class='ocrx_word' id='word_1_194' title='bbox 771 2232 844 2278; x_wconf 85' lang='lat' dir='ltr'>Ex</span> <span class='ocrx_word' id='word_1_195' title='bbox 860 2248 954 2293; x_wconf 89' lang='lat' dir='ltr'>quo</span> <span class='ocrx_word' id='word_1_196' title='bbox 973 2232 1261 2294; x_wconf 83' lang='lat' dir='ltr'>intelligitur</span> <span class='ocrx_word' id='word_1_197' title='bbox 1286 2231 1532 2294; x_wconf 84' lang='lat' dir='ltr'>regiminis</span> <span class='ocrx_word' id='word_1_198' title='bbox 1548 2229 1803 2278; x_wconf 84' lang='lat' dir='ltr'>commoda</span> 
     </span>
     <span class='ocr_line' id='line_1_33' title="bbox 417 2304 1801 2369; baseline -0.003 -14"><span class='ocrx_word' id='word_1_199' title='bbox 417 2315 466 2355; x_wconf 87' lang='lat' dir='ltr'>et</span> <span class='ocrx_word' id='word_1_200' title='bbox 506 2306 813 2354; x_wconf 87' lang='lat' dir='ltr'>incommoda</span> <span class='ocrx_word' id='word_1_201' title='bbox 844 2322 943 2353; x_wconf 90' lang='lat' dir='ltr'>non</span> <span class='ocrx_word' id='word_1_202' title='bbox 977 2306 1129 2365; x_wconf 81' lang='lat' dir='ltr'>illum,</span> <span class='ocrx_word' id='word_1_203' title='bbox 1162 2307 1212 2353; x_wconf 90' lang='lat' dir='ltr'>in</span> <span class='ocrx_word' id='word_1_204' title='bbox 1247 2323 1342 2369; x_wconf 91' lang='lat' dir='ltr'>quo</span> <span class='ocrx_word' id='word_1_205' title='bbox 1378 2306 1558 2354; x_wconf 88' lang='lat' dir='ltr'>residet</span> <span class='ocrx_word' id='word_1_206' title='bbox 1591 2304 1801 2352; x_wconf 89' lang='lat' dir='ltr'>civitatis</span> 
     </span>
     <span class='ocr_line' id='line_1_34' title="bbox 417 2379 1802 2444; baseline -0.001 -15"><span class='ocrx_word' id='word_1_207' title='bbox 417 2382 702 2439; x_wconf 83' lang='lat' dir='ltr'>authoritas,</span> <span class='ocrx_word' id='word_1_208' title='bbox 740 2381 826 2428; x_wconf 89' lang='lat' dir='ltr'>sed</span> <span class='ocrx_word' id='word_1_209' title='bbox 864 2381 1054 2444; x_wconf 89' lang='lat' dir='ltr'>imperii</span> <span class='ocrx_word' id='word_1_210' title='bbox 1094 2381 1337 2428; x_wconf 88' lang='lat' dir='ltr'>ministros</span> <span class='ocrx_word' id='word_1_211' title='bbox 1377 2381 1511 2444; x_wconf 87' lang='lat' dir='ltr'>sequi</span> <span class='ocrx_word' id='word_1_212' title='bbox 1531 2402 1543 2436; x_wconf 93' lang='lat'>;</span> <span class='ocrx_word' id='word_1_213' title='bbox 1596 2379 1802 2442; x_wconf 88' lang='lat' dir='ltr'>ideoque</span> 
     </span>
     <span class='ocr_line' id='line_1_35' title="bbox 417 2454 1801 2520; baseline -0.003 -15"><span class='ocrx_word' id='word_1_214' title='bbox 417 2458 539 2505; x_wconf 89' lang='lat' dir='ltr'>nihil</span> <span class='ocrx_word' id='word_1_215' title='bbox 562 2457 812 2520; x_wconf 85' lang='lat' dir='ltr'>impedire,</span> <span class='ocrx_word' id='word_1_216' title='bbox 839 2457 956 2519; x_wconf 88' lang='lat' dir='ltr'>quin</span> <span class='ocrx_word' id='word_1_217' title='bbox 985 2457 1156 2503; x_wconf 87' lang='lat' dir='ltr'>civitas</span> <span class='ocrx_word' id='word_1_218' title='bbox 1187 2464 1318 2503; x_wconf 91' lang='grc'>10010</span> <span class='ocrx_word' id='word_1_219' title='bbox 1351 2455 1612 2519; x_wconf 86' lang='lat' dir='ltr'>gubernari</span> <span class='ocrx_word' id='word_1_220' title='bbox 1634 2454 1801 2518; x_wconf 83' lang='lat' dir='ltr'>possit,</span> 
     </span>
     <span class='ocr_line' id='line_1_36' title="bbox 420 2529 1802 2595; baseline -0.004 -15"><span class='ocrx_word' id='word_1_221' title='bbox 420 2549 717 2595; x_wconf 86' lang='lat' dir='ltr'>quamquam</span> <span class='ocrx_word' id='word_1_222' title='bbox 733 2532 1002 2579; x_wconf 74' lang='lat' dir='ltr'>monarcha</span> <span class='ocrx_word' id='word_1_223' title='bbox 1016 2532 1216 2579; x_wconf 84' lang='lat' dir='ltr'>foemina</span> <span class='ocrx_word' id='word_1_224' title='bbox 1229 2532 1305 2578; x_wconf 89' lang='lat' dir='ltr'>vel</span> <span class='ocrx_word' id='word_1_225' title='bbox 1318 2547 1439 2595; x_wconf 90' lang='lat' dir='ltr'>puer</span> <span class='ocrx_word' id='word_1_226' title='bbox 1455 2531 1528 2578; x_wconf 91' lang='lat' dir='ltr'>vel</span> <span class='ocrx_word' id='word_1_227' title='bbox 1546 2530 1706 2577; x_wconf 86' lang='lat' dir='ltr'>infans</span> <span class='ocrx_word' id='word_1_228' title='bbox 1724 2529 1802 2586; x_wconf 86' lang='lat' dir='ltr'>sit,</span> 
     </span>
     <span class='ocr_line' id='line_1_37' title="bbox 420 2605 1802 2670; baseline -0.003 -15"><span class='ocrx_word' id='word_1_229' title='bbox 420 2608 567 2655; x_wconf 91' lang='lat' dir='ltr'>modo</span> <span class='ocrx_word' id='word_1_230' title='bbox 593 2608 627 2654; x_wconf 89' lang='lat' dir='ltr'>ii</span> <span class='ocrx_word' id='word_1_231' title='bbox 651 2607 858 2670; x_wconf 84' lang='lat' dir='ltr'>negotiis</span> <span class='ocrx_word' id='word_1_232' title='bbox 893 2623 1034 2670; x_wconf 89' lang='lat' dir='ltr'>pares</span> <span class='ocrx_word' id='word_1_233' title='bbox 1076 2607 1188 2664; x_wconf 87' lang='grc'>51111,</span> <span class='ocrx_word' id='word_1_234' title='bbox 1208 2607 1291 2669; x_wconf 91' lang='lat' dir='ltr'>qui</span> <span class='ocrx_word' id='word_1_235' title='bbox 1324 2605 1603 2653; x_wconf 89' lang='lat' dir='ltr'>ministeriis</span> <span class='ocrx_word' id='word_1_236' title='bbox 1626 2611 1675 2651; x_wconf 90' lang='lat' dir='ltr'>et</span> <span class='ocrx_word' id='word_1_237' title='bbox 1697 2621 1802 2652; x_wconf 90' lang='lat' dir='ltr'>mu-</span> 
     </span>
     <span class='ocr_line' id='line_1_38' title="bbox 420 2679 1804 2744; baseline -0.002 -15"><span class='ocrx_word' id='word_1_238' title='bbox 420 2683 619 2730; x_wconf 89' lang='lat' dir='ltr'>neribus</span> <span class='ocrx_word' id='word_1_239' title='bbox 642 2681 848 2744; x_wconf 89' lang='lat' dir='ltr'>publicis</span> <span class='ocrx_word' id='word_1_240' title='bbox 880 2682 1097 2743; x_wconf 76' lang='lat' dir='ltr'>praefecti</span> <span class='ocrx_word' id='word_1_241' title='bbox 1121 2690 1248 2728; x_wconf 88' lang='lat' dir='ltr'>sunt.</span> <span class='ocrx_word' id='word_1_242' title='bbox 1316 2681 1477 2742; x_wconf 90' lang='lat' dir='ltr'>Atque</span> <span class='ocrx_word' id='word_1_243' title='bbox 1501 2679 1552 2726; x_wconf 89' lang='lat' dir='ltr'>id</span> <span class='ocrx_word' id='word_1_244' title='bbox 1575 2679 1706 2742; x_wconf 91' lang='lat' dir='ltr'>quod</span> <span class='ocrx_word' id='word_1_245' title='bbox 1731 2680 1804 2726; x_wconf 88' lang='lat' dir='ltr'>di-</span> 
     </span>
     <span class='ocr_line' id='line_1_39' title="bbox 422 2754 1803 2820; baseline -0.003 -16"><span class='ocrx_word' id='word_1_246' title='bbox 422 2758 564 2815; x_wconf 79' lang='lat' dir='ltr'>citur,</span> <span class='ocrx_word' id='word_1_247' title='bbox 590 2775 658 2804; x_wconf 74' lang='lat' dir='ltr'>vce</span> <span class='ocrx_word' id='word_1_248' title='bbox 682 2773 838 2820; x_wconf 77' lang='lat' dir='ltr'>regno</span> <span class='ocrx_word' id='word_1_249' title='bbox 865 2757 1003 2819; x_wconf 72' lang='lat' dir='ltr'>cujas</span> <span class='ocrx_word' id='word_1_250' title='bbox 1026 2773 1118 2803; x_wconf 64' lang='lat' dir='ltr'>reat</span> <span class='ocrx_word' id='word_1_251' title='bbox 1143 2771 1278 2820; x_wconf 75' lang='lat' dir='ltr'>puer</span> <span class='ocrx_word' id='word_1_252' title='bbox 1295 2761 1384 2813; x_wconf 70' lang='lat' dir='ltr'>est,</span> <span class='ocrx_word' id='word_1_253' title='bbox 1409 2771 1508 2801; x_wconf 91' lang='lat' dir='ltr'>non</span> <span class='ocrx_word' id='word_1_254' title='bbox 1533 2754 1803 2816; x_wconf 85' lang='lat' dir='ltr'>significare</span> 
     </span>
     <span class='ocr_line' id='line_1_40' title="bbox 422 2829 1804 2892; baseline -0.003 -13"><span class='ocrx_word' id='word_1_255' title='bbox 422 2832 721 2880; x_wconf 60' lang='lat' dir='ltr'>monarchia)</span> <span class='ocrx_word' id='word_1_256' title='bbox 757 2831 1086 2879; x_wconf 88' lang='lat' dir='ltr'>conditionem</span> <span class='ocrx_word' id='word_1_257' title='bbox 1122 2838 1251 2878; x_wconf 90' lang='lat' dir='ltr'>statu</span> <span class='ocrx_word' id='word_1_258' title='bbox 1277 2829 1495 2892; x_wconf 88' lang='lat' dir='ltr'>populari</span> <span class='ocrx_word' id='word_1_259' title='bbox 1525 2829 1804 2877; x_wconf 88' lang='lat' dir='ltr'>inferiorem</span> 
     </span>
    </p>
   </div>
  </div>
 </body>
</html>
