<?xml version="1.0" encoding="UTF-8"?>
<!DOCTYPE html PUBLIC "-//W3C//DTD XHTML 1.0 Transitional//EN"
    "http://www.w3.org/TR/xhtml1/DTD/xhtml1-transitional.dtd">
<html xmlns="http://www.w3.org/1999/xhtml" xml:lang="en" lang="en">
 <head>
  <title>
</title>
<meta http-equiv="Content-Type" content="text/html;charset=utf-8" />
  <meta name='ocr-system' content='tesseract 3.04.00' />
  <meta name='ocr-capabilities' content='ocr_page ocr_carea ocr_par ocr_line ocrx_word'/>
</head>
<body>
  <div class='ocr_page' id='page_1' title='image "./operaphilosophic02hobbuoft_0024.png"; bbox 0 0 1994 3256; ppageno 0'>
   <div class='ocr_carea' id='block_1_1' title="bbox 421 263 1273 310">
    <p class='ocr_par' dir='ltr' id='par_1_1' title="bbox 421 263 1273 310">
     <span class='ocr_line' id='line_1_1' title="bbox 421 263 1273 310; baseline 0.002 -4"><span class='ocrx_word' id='word_1_1' title='bbox 421 263 479 307; x_wconf 90' lang='grc'>10</span> <span class='ocrx_word' id='word_1_2' title='bbox 934 274 1006 308; x_wconf 81' lang='lat' dir='ltr'>DE</span> <span class='ocrx_word' id='word_1_3' title='bbox 1033 274 1273 310; x_wconf 81' lang='lat' dir='ltr'><strong>HOMINE.</strong></span> 
     </span>
    </p>
   </div>
   <div class='ocr_carea' id='block_1_2' title="bbox 150 382 1803 2922">
    <p class='ocr_par' dir='ltr' id='par_1_2' title="bbox 150 382 1803 2922">
     <span class='ocr_line' id='line_1_2' title="bbox 170 382 1795 447; baseline 0.002 -17"><span class='ocrx_word' id='word_1_4' title='bbox 170 406 295 439; x_wconf 65' lang='lat' dir='ltr'>Smyr,</span> <span class='ocrx_word' id='word_1_5' title='bbox 318 406 367 440; x_wconf 79' lang='lat'>11,</span> <span class='ocrx_word' id='word_1_6' title='bbox 410 382 644 431; x_wconf 84' lang='lat' dir='ltr'>transiret</span> <span class='ocrx_word' id='word_1_7' title='bbox 678 399 766 447; x_wconf 93' lang='lat' dir='ltr'>per</span> <span class='ocrx_word' id='word_1_8' title='bbox 804 384 886 438; x_wconf 93' lang='lat' dir='ltr'>H;</span> <span class='ocrx_word' id='word_1_9' title='bbox 923 385 1007 432; x_wconf 92' lang='lat' dir='ltr'>ubi</span> <span class='ocrx_word' id='word_1_10' title='bbox 1041 400 1174 432; x_wconf 86' lang='lat' dir='ltr'>nunc</span> <span class='ocrx_word' id='word_1_11' title='bbox 1210 384 1487 432; x_wconf 83' lang='lat' dir='ltr'><strong>detruditur</strong></span> <span class='ocrx_word' id='word_1_12' title='bbox 1522 400 1548 432; x_wconf 89' lang='lat' dir='ltr'>e</span> <span class='ocrx_word' id='word_1_13' title='bbox 1579 385 1675 433; x_wconf 87' lang='lat' dir='ltr'><strong>situ</strong></span> <span class='ocrx_word' id='word_1_14' title='bbox 1706 397 1795 434; x_wconf 88' lang='lat' dir='ltr'>suo</span> 
     </span>
     <span class='ocr_line' id='line_1_3' title="bbox 252 457 1793 522; baseline 0.002 -17"><span class='ocrx_word' id='word_1_15' title='bbox 252 457 282 487; x_wconf 84' lang='lat'>2·</span> <span class='ocrx_word' id='word_1_16' title='bbox 412 459 621 506; x_wconf 83' lang='lat' dir='ltr'>naturali</span> <span class='ocrx_word' id='word_1_17' title='bbox 653 458 703 506; x_wconf 91' lang='lat' dir='ltr'>in</span> <span class='ocrx_word' id='word_1_18' title='bbox 731 466 970 522; x_wconf 90' lang='lat' dir='ltr'><strong>punctum</strong></span> <span class='ocrx_word' id='word_1_19' title='bbox 1000 460 1055 507; x_wconf 91' lang='lat' dir='ltr'>E.</span> <span class='ocrx_word' id='word_1_20' title='bbox 1125 459 1333 507; x_wconf 93' lang='lat' dir='ltr'>Videtur</span> <span class='ocrx_word' id='word_1_21' title='bbox 1365 460 1528 522; x_wconf 92' lang='lat' dir='ltr'>itaque</span> <span class='ocrx_word' id='word_1_22' title='bbox 1556 467 1793 522; x_wconf 83' lang='lat' dir='ltr'><strong>punctum</strong></span> 
     </span>
     <span class='ocr_line' id='line_1_4' title="bbox 154 532 1701 600; baseline 0.004 -23"><span class='ocrx_word' id='word_1_23' title='bbox 154 550 245 578; x_wconf 72' lang='lat' dir='ltr'>Linea</span> <span class='ocrx_word' id='word_1_24' title='bbox 256 550 376 600; x_wconf 50' lang='grc' dir='ltr'>ἥψω,</span> <span class='ocrx_word' id='word_1_25' title='bbox 415 532 454 581; x_wconf 83' lang='lat' dir='ltr'>C</span> <span class='ocrx_word' id='word_1_26' title='bbox 477 533 527 581; x_wconf 91' lang='lat' dir='ltr'>in</span> <span class='ocrx_word' id='word_1_27' title='bbox 552 533 740 582; x_wconf 89' lang='lat' dir='ltr'><strong>duobus</strong></span> <span class='ocrx_word' id='word_1_28' title='bbox 763 534 897 592; x_wconf 86' lang='lat' dir='ltr'>loeis,</span> <span class='ocrx_word' id='word_1_29' title='bbox 921 541 1013 582; x_wconf 87' lang='lat' dir='ltr'>ete.</span> <span class='ocrx_word' id='word_1_30' title='bbox 1085 534 1232 584; x_wconf 75' lang='lat' dir='ltr'>Quod</span> <span class='ocrx_word' id='word_1_31' title='bbox 1254 543 1359 582; x_wconf 91' lang='lat' dir='ltr'>erat</span> <span class='ocrx_word' id='word_1_32' title='bbox 1380 534 1701 597; x_wconf 90' lang='lat' dir='ltr'>probandum.</span> 
     </span>
     <span class='ocr_line' id='line_1_5' title="bbox 151 597 1796 673; baseline 0 -14"><span class='ocrx_word' id='word_1_33' title='bbox 151 597 378 673; x_wconf 56' lang='grc' dir='ltr'>ξζξῖἰᾚῗξξῗ</span> <span class='ocrx_word' id='word_1_34' title='bbox 481 609 627 658; x_wconf 75' lang='lat' dir='ltr'>Quod</span> <span class='ocrx_word' id='word_1_35' title='bbox 666 609 841 657; x_wconf 82' lang='lat' dir='ltr'>attinet</span> <span class='ocrx_word' id='word_1_36' title='bbox 872 609 936 657; x_wconf 91' lang='lat' dir='ltr'>ad</span> <span class='ocrx_word' id='word_1_37' title='bbox 982 610 1248 657; x_wconf 85' lang='lat' dir='ltr'>secundum</span> <span class='ocrx_word' id='word_1_38' title='bbox 1284 610 1657 673; x_wconf 89' lang='lat' dir='ltr'>phaenomenon,</span> <span class='ocrx_word' id='word_1_39' title='bbox 1698 610 1796 659; x_wconf 89' lang='lat' dir='ltr'>sint</span> 
     </span>
     <span class='ocr_line' id='line_1_6' title="bbox 150 682 1796 760; baseline 0.001 -29"><span class='ocrx_word' id='word_1_40' title='bbox 150 682 388 760; x_wconf 52' lang='lat' dir='ltr'>fssqffiffif·</span> <span class='ocrx_word' id='word_1_41' title='bbox 415 683 511 732; x_wconf 93' lang='lat' dir='ltr'>duo</span> <span class='ocrx_word' id='word_1_42' title='bbox 536 684 663 732; x_wconf 88' lang='lat' dir='ltr'>oculi</span> <span class='ocrx_word' id='word_1_43' title='bbox 685 684 754 744; x_wconf 90' lang='lat' dir='ltr'>(in</span> <span class='ocrx_word' id='word_1_44' title='bbox 776 684 858 746; x_wconf 85' lang='lat' dir='ltr'>fig.</span> <span class='ocrx_word' id='word_1_45' title='bbox 889 685 938 745; x_wconf 92' lang='lat'>3)</span> <span class='ocrx_word' id='word_1_46' title='bbox 972 699 1177 746; x_wconf 92' lang='lat' dir='ltr'>quorum</span> <span class='ocrx_word' id='word_1_47' title='bbox 1209 685 1475 732; x_wconf 88' lang='lat' dir='ltr'>retinarum</span> <span class='ocrx_word' id='word_1_48' title='bbox 1508 691 1676 733; x_wconf 86' lang='lat' dir='ltr'>centra</span> <span class='ocrx_word' id='word_1_49' title='bbox 1698 685 1796 734; x_wconf 89' lang='lat' dir='ltr'>sint</span> 
     </span>
     <span class='ocr_line' id='line_1_7' title="bbox 169 754 1795 821; baseline 0.003 -17"><span class='ocrx_word' id='word_1_50' title='bbox 169 754 170 757; x_wconf 66' lang='grc'>’</span> <span class='ocrx_word' id='word_1_51' title='bbox 413 758 458 806; x_wconf 93' lang='grc' dir='ltr'><strong>Α</strong></span> <span class='ocrx_word' id='word_1_52' title='bbox 482 765 531 806; x_wconf 92' lang='lat' dir='ltr'>et</span> <span class='ocrx_word' id='word_1_53' title='bbox 554 758 610 816; x_wconf 93' lang='lat' dir='ltr'>B,</span> <span class='ocrx_word' id='word_1_54' title='bbox 645 774 759 806; x_wconf 83' lang='lat' dir='ltr'>axes</span> <span class='ocrx_word' id='word_1_55' title='bbox 795 759 945 821; x_wconf 87' lang='lat' dir='ltr'><strong>optiei</strong></span> <span class='ocrx_word' id='word_1_56' title='bbox 979 759 1024 807; x_wconf 94' lang='lat' dir='ltr'>D</span> <span class='ocrx_word' id='word_1_57' title='bbox 1039 759 1083 806; x_wconf 93' lang='lat' dir='ltr'><strong>A</strong></span> <span class='ocrx_word' id='word_1_58' title='bbox 1100 759 1153 817; x_wconf 87' lang='lat' dir='ltr'>C,</span> <span class='ocrx_word' id='word_1_59' title='bbox 1177 760 1218 806; x_wconf 92' lang='lat' dir='ltr'><strong>E</strong></span> <span class='ocrx_word' id='word_1_60' title='bbox 1236 760 1276 807; x_wconf 95' lang='lat' dir='ltr'><strong>B</strong></span> <span class='ocrx_word' id='word_1_61' title='bbox 1293 759 1346 818; x_wconf 90' lang='lat' dir='ltr'>C,</span> <span class='ocrx_word' id='word_1_62' title='bbox 1371 761 1514 807; x_wconf 90' lang='lat' dir='ltr'>ambo</span> <span class='ocrx_word' id='word_1_63' title='bbox 1538 759 1795 810; x_wconf 86' lang='lat' dir='ltr'>tendentes</span> 
     </span>
     <span class='ocr_line' id='line_1_8' title="bbox 412 834 1796 897; baseline 0.003 -15"><span class='ocrx_word' id='word_1_64' title='bbox 412 834 476 882; x_wconf 86' lang='lat' dir='ltr'>ad</span> <span class='ocrx_word' id='word_1_65' title='bbox 497 839 733 896; x_wconf 89' lang='lat' dir='ltr'><strong>punctum</strong></span> <span class='ocrx_word' id='word_1_66' title='bbox 758 834 827 881; x_wconf 81' lang='lat' dir='ltr'>C:</span> <span class='ocrx_word' id='word_1_67' title='bbox 865 834 1022 896; x_wconf 87' lang='lat' dir='ltr'>sitque</span> <span class='ocrx_word' id='word_1_68' title='bbox 1058 834 1191 883; x_wconf 88' lang='lat' dir='ltr'>aliud</span> <span class='ocrx_word' id='word_1_69' title='bbox 1227 835 1471 897; x_wconf 85' lang='lat' dir='ltr'>objectum</span> <span class='ocrx_word' id='word_1_70' title='bbox 1503 835 1540 882; x_wconf 91' lang='lat' dir='ltr'><strong>F</strong></span> <span class='ocrx_word' id='word_1_71' title='bbox 1562 836 1796 886; x_wconf 87' lang='lat' dir='ltr'>remotius</span> 
     </span>
     <span class='ocr_line' id='line_1_9' title="bbox 412 908 1792 972; baseline 0.003 -17"><span class='ocrx_word' id='word_1_72' title='bbox 412 925 557 972; x_wconf 88' lang='lat' dir='ltr'>quam</span> <span class='ocrx_word' id='word_1_73' title='bbox 581 908 635 956; x_wconf 87' lang='lat' dir='ltr'>C.</span> <span class='ocrx_word' id='word_1_74' title='bbox 704 908 826 956; x_wconf 88' lang='lat' dir='ltr'>Dico</span> <span class='ocrx_word' id='word_1_75' title='bbox 846 909 883 955; x_wconf 89' lang='lat' dir='ltr'><strong>F</strong></span> <span class='ocrx_word' id='word_1_76' title='bbox 899 909 1235 972; x_wconf 90' lang='lat' dir='ltr'>appariturum</span> <span class='ocrx_word' id='word_1_77' title='bbox 1255 925 1359 957; x_wconf 90' lang='lat' dir='ltr'>esse</span> <span class='ocrx_word' id='word_1_78' title='bbox 1378 910 1429 957; x_wconf 92' lang='lat' dir='ltr'>in</span> <span class='ocrx_word' id='word_1_79' title='bbox 1449 909 1639 958; x_wconf 90' lang='lat' dir='ltr'><strong>duobus</strong></span> <span class='ocrx_word' id='word_1_80' title='bbox 1658 910 1792 960; x_wconf 87' lang='lat' dir='ltr'><strong>locis.</strong></span> 
     </span>
     <span class='ocr_line' id='line_1_10' title="bbox 412 983 1791 1048; baseline 0.002 -18"><span class='ocrx_word' id='word_1_81' title='bbox 412 984 540 1031; x_wconf 85' lang='lat' dir='ltr'>Nam</span> <span class='ocrx_word' id='word_1_82' title='bbox 562 983 726 1031; x_wconf 88' lang='lat' dir='ltr'>radius</span> <span class='ocrx_word' id='word_1_83' title='bbox 748 984 945 1031; x_wconf 89' lang='lat' dir='ltr'>veniens</span> <span class='ocrx_word' id='word_1_84' title='bbox 965 985 1025 1031; x_wconf 91' lang='lat' dir='ltr'>ab</span> <span class='ocrx_word' id='word_1_85' title='bbox 1050 985 1103 1042; x_wconf 90' lang='lat' dir='ltr'>F,</span> <span class='ocrx_word' id='word_1_86' title='bbox 1130 1001 1241 1032; x_wconf 87' lang='lat' dir='ltr'>cum</span> <span class='ocrx_word' id='word_1_87' title='bbox 1264 1000 1364 1032; x_wconf 90' lang='lat' dir='ltr'>non</span> <span class='ocrx_word' id='word_1_88' title='bbox 1383 985 1446 1032; x_wconf 89' lang='lat' dir='ltr'>sit</span> <span class='ocrx_word' id='word_1_89' title='bbox 1464 985 1567 1032; x_wconf 81' lang='lat' dir='ltr'>axis</span> <span class='ocrx_word' id='word_1_90' title='bbox 1587 985 1791 1048; x_wconf 88' lang='lat' dir='ltr'><strong>opticus,</strong></span> 
     </span>
     <span class='ocr_line' id='line_1_11' title="bbox 411 1059 1792 1123; baseline 0.002 -17"><span class='ocrx_word' id='word_1_91' title='bbox 411 1059 554 1107; x_wconf 83' lang='lat' dir='ltr'>cadet</span> <span class='ocrx_word' id='word_1_92' title='bbox 586 1059 638 1106; x_wconf 91' lang='lat' dir='ltr'>in</span> <span class='ocrx_word' id='word_1_93' title='bbox 677 1059 876 1107; x_wconf 87' lang='lat' dir='ltr'>oculum</span> <span class='ocrx_word' id='word_1_94' title='bbox 913 1060 1134 1122; x_wconf 91' lang='lat' dir='ltr'>oblique;</span> <span class='ocrx_word' id='word_1_95' title='bbox 1184 1060 1350 1122; x_wconf 90' lang='lat' dir='ltr'>itaque</span> <span class='ocrx_word' id='word_1_96' title='bbox 1386 1059 1696 1123; x_wconf 86' lang='lat' dir='ltr'>refringetur,</span> <span class='ocrx_word' id='word_1_97' title='bbox 1740 1072 1792 1111; x_wconf 88' lang='lat' dir='ltr'>et</span> 
     </span>
     <span class='ocr_line' id='line_1_12' title="bbox 409 1134 1793 1197; baseline 0 -15"><span class='ocrx_word' id='word_1_98' title='bbox 409 1134 592 1182; x_wconf 83' lang='lat' dir='ltr'>incidet</span> <span class='ocrx_word' id='word_1_99' title='bbox 622 1135 674 1182; x_wconf 93' lang='lat' dir='ltr'>in</span> <span class='ocrx_word' id='word_1_100' title='bbox 710 1135 919 1182; x_wconf 89' lang='lat' dir='ltr'>retinam</span> <span class='ocrx_word' id='word_1_101' title='bbox 955 1151 1014 1182; x_wconf 88' lang='lat' dir='ltr'>ex</span> <span class='ocrx_word' id='word_1_102' title='bbox 1049 1134 1206 1182; x_wconf 92' lang='lat' dir='ltr'>altera</span> <span class='ocrx_word' id='word_1_103' title='bbox 1240 1142 1379 1197; x_wconf 88' lang='lat' dir='ltr'>parte</span> <span class='ocrx_word' id='word_1_104' title='bbox 1412 1134 1531 1182; x_wconf 86' lang='lat' dir='ltr'>axis.</span> <span class='ocrx_word' id='word_1_105' title='bbox 1601 1134 1793 1182; x_wconf 88' lang='lat' dir='ltr'>Incidat</span> 
     </span>
     <span class='ocr_line' id='line_1_13' title="bbox 410 1207 1803 1273; baseline 0.001 -17"><span class='ocrx_word' id='word_1_106' title='bbox 410 1225 543 1272; x_wconf 86' lang='lat' dir='ltr'>ergo,</span> <span class='ocrx_word' id='word_1_107' title='bbox 577 1209 783 1272; x_wconf 86' lang='lat' dir='ltr'>exempli</span> <span class='ocrx_word' id='word_1_108' title='bbox 813 1209 986 1273; x_wconf 87' lang='lat' dir='ltr'>gratia,</span> <span class='ocrx_word' id='word_1_109' title='bbox 1027 1209 1078 1256; x_wconf 92' lang='lat' dir='ltr'>in</span> <span class='ocrx_word' id='word_1_110' title='bbox 1117 1209 1271 1256; x_wconf 86' lang='lat' dir='ltr'>altero</span> <span class='ocrx_word' id='word_1_111' title='bbox 1313 1208 1511 1271; x_wconf 90' lang='lat' dir='ltr'>quidem</span> <span class='ocrx_word' id='word_1_112' title='bbox 1546 1208 1687 1257; x_wconf 86' lang='lat' dir='ltr'>oculo</span> <span class='ocrx_word' id='word_1_113' title='bbox 1727 1207 1803 1258; x_wconf 78' lang='lat' dir='ltr'>ad.</span> 
     </span>
     <span class='ocr_line' id='line_1_14' title="bbox 408 1283 1791 1347; baseline 0.001 -16"><span class='ocrx_word' id='word_1_114' title='bbox 408 1292 645 1346; x_wconf 87' lang='lat' dir='ltr'><strong>punctum</strong></span> <span class='ocrx_word' id='word_1_115' title='bbox 671 1285 737 1342; x_wconf 87' lang='lat' dir='ltr'>H,</span> <span class='ocrx_word' id='word_1_116' title='bbox 764 1285 815 1332; x_wconf 92' lang='lat' dir='ltr'>in</span> <span class='ocrx_word' id='word_1_117' title='bbox 839 1285 992 1332; x_wconf 88' lang='lat' dir='ltr'>altero</span> <span class='ocrx_word' id='word_1_118' title='bbox 1009 1300 1124 1332; x_wconf 89' lang='lat' dir='ltr'>vero</span> <span class='ocrx_word' id='word_1_119' title='bbox 1144 1284 1207 1332; x_wconf 92' lang='lat' dir='ltr'>ad</span> <span class='ocrx_word' id='word_1_120' title='bbox 1223 1291 1461 1347; x_wconf 87' lang='lat' dir='ltr'><strong>punctum</strong></span> <span class='ocrx_word' id='word_1_121' title='bbox 1484 1285 1546 1332; x_wconf 88' lang='lat' dir='ltr'>K.</span> <span class='ocrx_word' id='word_1_122' title='bbox 1617 1283 1791 1332; x_wconf 86' lang='lat' dir='ltr'><strong>Ductis</strong></span> 
     </span>
     <span class='ocr_line' id='line_1_15' title="bbox 408 1359 1791 1422; baseline 0 -16"><span class='ocrx_word' id='word_1_123' title='bbox 408 1359 560 1422; x_wconf 81' lang='lat' dir='ltr'>igitur</span> <span class='ocrx_word' id='word_1_124' title='bbox 583 1367 633 1406; x_wconf 92' lang='lat' dir='ltr'>et</span> <span class='ocrx_word' id='word_1_125' title='bbox 654 1359 904 1422; x_wconf 90' lang='lat' dir='ltr'><strong>productis</strong></span> <span class='ocrx_word' id='word_1_126' title='bbox 929 1360 978 1407; x_wconf 95' lang='lat' dir='ltr'><strong>H</strong></span> <span class='ocrx_word' id='word_1_127' title='bbox 995 1360 1040 1407; x_wconf 90' lang='lat' dir='ltr'>A</span> <span class='ocrx_word' id='word_1_128' title='bbox 1063 1368 1113 1406; x_wconf 93' lang='lat' dir='ltr'>et</span> <span class='ocrx_word' id='word_1_129' title='bbox 1137 1360 1182 1406; x_wconf 93' lang='lat' dir='ltr'><strong>K</strong></span> <span class='ocrx_word' id='word_1_130' title='bbox 1200 1359 1255 1418; x_wconf 90' lang='lat' dir='ltr'>B,</span> <span class='ocrx_word' id='word_1_131' title='bbox 1280 1359 1532 1422; x_wconf 85' lang='lat' dir='ltr'>apparebit</span> <span class='ocrx_word' id='word_1_132' title='bbox 1553 1366 1791 1422; x_wconf 89' lang='lat' dir='ltr'><strong>punctum</strong></span> 
     </span>
     <span class='ocr_line' id='line_1_16' title="bbox 409 1434 1788 1493; baseline 0.001 -13"><span class='ocrx_word' id='word_1_133' title='bbox 409 1435 446 1480; x_wconf 90' lang='lat' dir='ltr'><strong>F</strong></span> <span class='ocrx_word' id='word_1_134' title='bbox 468 1434 520 1480; x_wconf 92' lang='lat' dir='ltr'>in</span> <span class='ocrx_word' id='word_1_135' title='bbox 554 1435 700 1482; x_wconf 88' lang='lat' dir='ltr'>rectis</span> <span class='ocrx_word' id='word_1_136' title='bbox 726 1435 814 1481; x_wconf 93' lang='lat' dir='ltr'>HI</span> <span class='ocrx_word' id='word_1_137' title='bbox 839 1441 889 1482; x_wconf 92' lang='lat' dir='ltr'>et</span> <span class='ocrx_word' id='word_1_138' title='bbox 912 1435 957 1482; x_wconf 91' lang='lat' dir='ltr'><strong>K</strong></span> <span class='ocrx_word' id='word_1_139' title='bbox 974 1435 1031 1493; x_wconf 88' lang='lat' dir='ltr'>G,</span> <span class='ocrx_word' id='word_1_140' title='bbox 1061 1451 1151 1482; x_wconf 88' lang='lat' dir='ltr'>nec</span> <span class='ocrx_word' id='word_1_141' title='bbox 1187 1442 1351 1482; x_wconf 89' lang='lat' dir='ltr'>tamen</span> <span class='ocrx_word' id='word_1_142' title='bbox 1385 1435 1437 1482; x_wconf 90' lang='lat' dir='ltr'>in</span> <span class='ocrx_word' id='word_1_143' title='bbox 1471 1450 1638 1482; x_wconf 89' lang='lat' dir='ltr'>earum</span> <span class='ocrx_word' id='word_1_144' title='bbox 1672 1450 1788 1482; x_wconf 63' lang='lat' dir='ltr'>con-</span> 
     </span>
     <span class='ocr_line' id='line_1_17' title="bbox 408 1508 1790 1572; baseline 0.001 -17"><span class='ocrx_word' id='word_1_145' title='bbox 408 1524 567 1567; x_wconf 86' lang='lat' dir='ltr'><strong>cursu,</strong></span> <span class='ocrx_word' id='word_1_146' title='bbox 589 1508 675 1556; x_wconf 90' lang='lat' dir='ltr'>sed</span> <span class='ocrx_word' id='word_1_147' title='bbox 692 1509 814 1556; x_wconf 86' lang='lat' dir='ltr'>citra</span> <span class='ocrx_word' id='word_1_148' title='bbox 832 1525 1144 1564; x_wconf 87' lang='lat' dir='ltr'><strong>concursum;</strong></span> <span class='ocrx_word' id='word_1_149' title='bbox 1169 1516 1428 1572; x_wconf 89' lang='lat' dir='ltr'>propterea</span> <span class='ocrx_word' id='word_1_150' title='bbox 1446 1509 1579 1572; x_wconf 91' lang='lat' dir='ltr'>quod</span> <span class='ocrx_word' id='word_1_151' title='bbox 1596 1509 1742 1557; x_wconf 60' lang='lat' dir='ltr'>videti</span> <span class='ocrx_word' id='word_1_152' title='bbox 1765 1525 1790 1557; x_wconf 93' lang='lat' dir='ltr'>r</span> 
     </span>
     <span class='ocr_line' id='line_1_18' title="bbox 407 1583 1783 1647; baseline 0.001 -17"><span class='ocrx_word' id='word_1_153' title='bbox 407 1583 653 1646; x_wconf 88' lang='lat' dir='ltr'>objectum</span> <span class='ocrx_word' id='word_1_154' title='bbox 690 1583 730 1631; x_wconf 81' lang='lat' dir='ltr'>C</span> <span class='ocrx_word' id='word_1_155' title='bbox 769 1584 819 1630; x_wconf 91' lang='lat' dir='ltr'>in</span> <span class='ocrx_word' id='word_1_156' title='bbox 861 1584 1033 1631; x_wconf 90' lang='lat' dir='ltr'>eadem</span> <span class='ocrx_word' id='word_1_157' title='bbox 1069 1584 1172 1632; x_wconf 89' lang='lat' dir='ltr'>fere</span> <span class='ocrx_word' id='word_1_158' title='bbox 1210 1584 1439 1632; x_wconf 86' lang='lat' dir='ltr'>distantia</span> <span class='ocrx_word' id='word_1_159' title='bbox 1471 1600 1559 1647; x_wconf 87' lang='lat' dir='ltr'>per</span> <span class='ocrx_word' id='word_1_160' title='bbox 1598 1584 1783 1632; x_wconf 56' lang='lat' dir='ltr'>radiui*</span> 
     </span>
     <span class='ocr_line' id='line_1_19' title="bbox 407 1658 1788 1722; baseline 0.001 -17"><span class='ocrx_word' id='word_1_161' title='bbox 407 1659 498 1706; x_wconf 79' lang='grc' dir='ltr'>ΟΕ</span> <span class='ocrx_word' id='word_1_162' title='bbox 534 1659 612 1706; x_wconf 86' lang='lat' dir='ltr'>vel</span> <span class='ocrx_word' id='word_1_163' title='bbox 647 1658 760 1717; x_wconf 90' lang='lat' dir='ltr'>CD,</span> <span class='ocrx_word' id='word_1_164' title='bbox 796 1658 847 1705; x_wconf 93' lang='lat' dir='ltr'>in</span> <span class='ocrx_word' id='word_1_165' title='bbox 885 1674 983 1721; x_wconf 90' lang='lat' dir='ltr'>qua</span> <span class='ocrx_word' id='word_1_166' title='bbox 1015 1658 1208 1706; x_wconf 85' lang='lat' dir='ltr'>videtur</span> <span class='ocrx_word' id='word_1_167' title='bbox 1241 1675 1329 1722; x_wconf 90' lang='lat' dir='ltr'>per</span> <span class='ocrx_word' id='word_1_168' title='bbox 1362 1659 1553 1707; x_wconf 87' lang='lat' dir='ltr'>radium</span> <span class='ocrx_word' id='word_1_169' title='bbox 1582 1659 1688 1707; x_wconf 89' lang='lat' dir='ltr'>GK</span> <span class='ocrx_word' id='word_1_170' title='bbox 1710 1660 1788 1707; x_wconf 87' lang='lat' dir='ltr'>vel</span> 
     </span>
     <span class='ocr_line' id='line_1_20' title="bbox 405 1733 1787 1796; baseline 0.001 -16"><span class='ocrx_word' id='word_1_171' title='bbox 405 1734 509 1781; x_wconf 92' lang='lat' dir='ltr'>IH.</span> <span class='ocrx_word' id='word_1_172' title='bbox 578 1733 785 1781; x_wconf 91' lang='lat' dir='ltr'>Videtur</span> <span class='ocrx_word' id='word_1_173' title='bbox 808 1749 926 1796; x_wconf 85' lang='lat' dir='ltr'>ergo</span> <span class='ocrx_word' id='word_1_174' title='bbox 951 1735 988 1781; x_wconf 90' lang='lat' dir='ltr'><strong>F</strong></span> <span class='ocrx_word' id='word_1_175' title='bbox 1011 1734 1062 1781; x_wconf 91' lang='lat' dir='ltr'>in</span> <span class='ocrx_word' id='word_1_176' title='bbox 1095 1733 1282 1781; x_wconf 90' lang='lat' dir='ltr'><strong>duobus</strong></span> <span class='ocrx_word' id='word_1_177' title='bbox 1313 1734 1447 1781; x_wconf 89' lang='lat' dir='ltr'>loeis.</span> <span class='ocrx_word' id='word_1_178' title='bbox 1518 1734 1720 1794; x_wconf 83' lang='lat' dir='ltr'><strong>Rursus,</strong></span> <span class='ocrx_word' id='word_1_179' title='bbox 1746 1734 1787 1782; x_wconf 90' lang='lat' dir='ltr'>si</span> 
     </span>
     <span class='ocr_line' id='line_1_21' title="bbox 405 1808 1788 1872; baseline 0.001 -16"><span class='ocrx_word' id='word_1_180' title='bbox 405 1815 623 1856; x_wconf 86' lang='lat' dir='ltr'>sumatur</span> <span class='ocrx_word' id='word_1_181' title='bbox 652 1809 898 1871; x_wconf 88' lang='lat' dir='ltr'>objectum</span> <span class='ocrx_word' id='word_1_182' title='bbox 934 1808 1075 1857; x_wconf 87' lang='lat' dir='ltr'>oculo</span> <span class='ocrx_word' id='word_1_183' title='bbox 1103 1809 1424 1872; x_wconf 89' lang='lat' dir='ltr'>propinquius</span> <span class='ocrx_word' id='word_1_184' title='bbox 1456 1815 1513 1856; x_wconf 91' lang='lat' dir='ltr'>ut</span> <span class='ocrx_word' id='word_1_185' title='bbox 1548 1816 1788 1872; x_wconf 87' lang='lat' dir='ltr'><strong>punctum</strong></span> 
     </span>
     <span class='ocr_line' id='line_1_22' title="bbox 405 1883 1786 1947; baseline 0.001 -16"><span class='ocrx_word' id='word_1_186' title='bbox 405 1885 459 1942; x_wconf 89' lang='lat' dir='ltr'>L,</span> <span class='ocrx_word' id='word_1_187' title='bbox 484 1884 622 1943; x_wconf 89' lang='lat' dir='ltr'>radii,</span> <span class='ocrx_word' id='word_1_188' title='bbox 662 1884 746 1947; x_wconf 94' lang='lat' dir='ltr'>qui</span> <span class='ocrx_word' id='word_1_189' title='bbox 774 1883 888 1931; x_wconf 93' lang='lat' dir='ltr'>inde</span> <span class='ocrx_word' id='word_1_190' title='bbox 914 1883 978 1931; x_wconf 87' lang='lat' dir='ltr'>ad</span> <span class='ocrx_word' id='word_1_191' title='bbox 1000 1884 1208 1931; x_wconf 91' lang='lat' dir='ltr'>retinam</span> <span class='ocrx_word' id='word_1_192' title='bbox 1236 1883 1532 1942; x_wconf 89' lang='lat' dir='ltr'>derivantur,</span> <span class='ocrx_word' id='word_1_193' title='bbox 1567 1883 1786 1933; x_wconf 84' lang='lat' dir='ltr'>incident</span> 
     </span>
     <span class='ocr_line' id='line_1_23' title="bbox 403 1958 1782 2021; baseline 0 -15"><span class='ocrx_word' id='word_1_194' title='bbox 403 1959 455 2006; x_wconf 93' lang='lat' dir='ltr'>in</span> <span class='ocrx_word' id='word_1_195' title='bbox 496 1975 603 2006; x_wconf 88' lang='lat' dir='ltr'>eam</span> <span class='ocrx_word' id='word_1_196' title='bbox 643 1975 702 2006; x_wconf 84' lang='lat' dir='ltr'>ex</span> <span class='ocrx_word' id='word_1_197' title='bbox 742 1959 895 2006; x_wconf 87' lang='lat' dir='ltr'>altera</span> <span class='ocrx_word' id='word_1_198' title='bbox 938 1966 1078 2021; x_wconf 87' lang='lat' dir='ltr'>parte</span> <span class='ocrx_word' id='word_1_199' title='bbox 1119 1958 1235 2017; x_wconf 83' lang='lat' dir='ltr'>axis,</span> <span class='ocrx_word' id='word_1_200' title='bbox 1283 1966 1405 2021; x_wconf 88' lang='lat' dir='ltr'>puta</span> <span class='ocrx_word' id='word_1_201' title='bbox 1442 1958 1493 2006; x_wconf 90' lang='lat' dir='ltr'>in</span> <span class='ocrx_word' id='word_1_202' title='bbox 1534 1958 1589 2005; x_wconf 95' lang='lat' dir='ltr'><strong>M</strong></span> <span class='ocrx_word' id='word_1_203' title='bbox 1631 1966 1681 2006; x_wconf 91' lang='lat' dir='ltr'>et</span> <span class='ocrx_word' id='word_1_204' title='bbox 1719 1958 1782 2007; x_wconf 93' lang='lat' dir='ltr'>N.</span> 
     </span>
     <span class='ocr_line' id='line_1_24' title="bbox 404 2033 1787 2096; baseline 0.001 -15"><span class='ocrx_word' id='word_1_205' title='bbox 404 2034 574 2081; x_wconf 87' lang='lat' dir='ltr'><strong>Ductis</strong></span> <span class='ocrx_word' id='word_1_206' title='bbox 602 2049 718 2096; x_wconf 85' lang='lat' dir='ltr'>ergo</span> <span class='ocrx_word' id='word_1_207' title='bbox 752 2033 806 2080; x_wconf 94' lang='lat' dir='ltr'><strong>M</strong></span> <span class='ocrx_word' id='word_1_208' title='bbox 823 2034 881 2092; x_wconf 88' lang='lat' dir='ltr'>A,</span> <span class='ocrx_word' id='word_1_209' title='bbox 908 2033 954 2080; x_wconf 95' lang='lat' dir='ltr'>N</span> <span class='ocrx_word' id='word_1_210' title='bbox 971 2033 1028 2088; x_wconf 93' lang='lat' dir='ltr'>B,</span> <span class='ocrx_word' id='word_1_211' title='bbox 1057 2040 1107 2080; x_wconf 90' lang='lat' dir='ltr'>et</span> <span class='ocrx_word' id='word_1_212' title='bbox 1140 2033 1406 2095; x_wconf 88' lang='lat' dir='ltr'><strong>productis,</strong></span> <span class='ocrx_word' id='word_1_213' title='bbox 1442 2040 1562 2095; x_wconf 90' lang='lat' dir='ltr'>puta</span> <span class='ocrx_word' id='word_1_214' title='bbox 1594 2033 1645 2080; x_wconf 92' lang='lat' dir='ltr'>in</span> <span class='ocrx_word' id='word_1_215' title='bbox 1668 2033 1711 2082; x_wconf 93' lang='lat' dir='ltr'>O</span> <span class='ocrx_word' id='word_1_216' title='bbox 1735 2041 1787 2082; x_wconf 88' lang='lat' dir='ltr'>et</span> 
     </span>
     <span class='ocr_line' id='line_1_25' title="bbox 403 2107 1782 2171; baseline 0.001 -15"><span class='ocrx_word' id='word_1_217' title='bbox 403 2110 454 2167; x_wconf 90' lang='lat' dir='ltr'>P,</span> <span class='ocrx_word' id='word_1_218' title='bbox 478 2109 670 2156; x_wconf 89' lang='lat' dir='ltr'>videtur</span> <span class='ocrx_word' id='word_1_219' title='bbox 692 2115 929 2171; x_wconf 86' lang='lat' dir='ltr'><strong>punctum</strong></span> <span class='ocrx_word' id='word_1_220' title='bbox 953 2108 993 2155; x_wconf 94' lang='lat' dir='ltr'>L</span> <span class='ocrx_word' id='word_1_221' title='bbox 1010 2108 1061 2154; x_wconf 91' lang='lat' dir='ltr'>in</span> <span class='ocrx_word' id='word_1_222' title='bbox 1086 2107 1273 2156; x_wconf 92' lang='lat' dir='ltr'><strong>duobus</strong></span> <span class='ocrx_word' id='word_1_223' title='bbox 1295 2108 1415 2156; x_wconf 90' lang='lat' dir='ltr'>locis</span> <span class='ocrx_word' id='word_1_224' title='bbox 1439 2108 1482 2156; x_wconf 94' lang='lat' dir='ltr'>O</span> <span class='ocrx_word' id='word_1_225' title='bbox 1506 2114 1555 2155; x_wconf 90' lang='lat' dir='ltr'>et</span> <span class='ocrx_word' id='word_1_226' title='bbox 1578 2108 1629 2156; x_wconf 91' lang='lat' dir='ltr'>P.</span> <span class='ocrx_word' id='word_1_227' title='bbox 1676 2108 1782 2157; x_wconf 88' lang='lat' dir='ltr'>Nee</span> 
     </span>
     <span class='ocr_line' id='line_1_26' title="bbox 402 2183 1780 2243; baseline 0 -12"><span class='ocrx_word' id='word_1_228' title='bbox 402 2184 551 2231; x_wconf 89' lang='lat' dir='ltr'>refert</span> <span class='ocrx_word' id='word_1_229' title='bbox 572 2191 737 2231; x_wconf 90' lang='lat' dir='ltr'>utrum</span> <span class='ocrx_word' id='word_1_230' title='bbox 766 2184 816 2241; x_wconf 92' lang='lat' dir='ltr'>F,</span> <span class='ocrx_word' id='word_1_231' title='bbox 833 2184 886 2242; x_wconf 86' lang='lat' dir='ltr'>C,</span> <span class='ocrx_word' id='word_1_232' title='bbox 903 2184 943 2230; x_wconf 94' lang='lat' dir='ltr'>L</span> <span class='ocrx_word' id='word_1_233' title='bbox 978 2183 1075 2230; x_wconf 90' lang='lat' dir='ltr'>sint</span> <span class='ocrx_word' id='word_1_234' title='bbox 1109 2183 1160 2230; x_wconf 92' lang='lat' dir='ltr'>in</span> <span class='ocrx_word' id='word_1_235' title='bbox 1196 2183 1365 2231; x_wconf 88' lang='lat' dir='ltr'>eadem</span> <span class='ocrx_word' id='word_1_236' title='bbox 1398 2190 1533 2231; x_wconf 87' lang='lat' dir='ltr'>recta</span> <span class='ocrx_word' id='word_1_237' title='bbox 1566 2199 1629 2230; x_wconf 92' lang='lat' dir='ltr'>an</span> <span class='ocrx_word' id='word_1_238' title='bbox 1663 2199 1780 2243; x_wconf 91' lang='lat' dir='ltr'>non,</span> 
     </span>
     <span class='ocr_line' id='line_1_27' title="bbox 401 2258 1780 2321; baseline 0 -15"><span class='ocrx_word' id='word_1_239' title='bbox 401 2259 546 2306; x_wconf 89' lang='lat' dir='ltr'>modo</span> <span class='ocrx_word' id='word_1_240' title='bbox 568 2275 720 2306; x_wconf 88' lang='lat' dir='ltr'>unum</span> <span class='ocrx_word' id='word_1_241' title='bbox 738 2265 930 2306; x_wconf 88' lang='lat' dir='ltr'>tantum</span> <span class='ocrx_word' id='word_1_242' title='bbox 949 2274 1115 2305; x_wconf 91' lang='lat' dir='ltr'>eorum</span> <span class='ocrx_word' id='word_1_243' title='bbox 1135 2258 1197 2305; x_wconf 91' lang='lat' dir='ltr'>sit</span> <span class='ocrx_word' id='word_1_244' title='bbox 1214 2259 1266 2305; x_wconf 92' lang='lat' dir='ltr'>in</span> <span class='ocrx_word' id='word_1_245' title='bbox 1284 2274 1373 2305; x_wconf 88' lang='lat' dir='ltr'>axe</span> <span class='ocrx_word' id='word_1_246' title='bbox 1393 2258 1571 2321; x_wconf 87' lang='lat' dir='ltr'><strong>optico.</strong></span> <span class='ocrx_word' id='word_1_247' title='bbox 1608 2258 1780 2321; x_wconf 90' lang='lat' dir='ltr'>Neque</span> 
     </span>
     <span class='ocr_line' id='line_1_28' title="bbox 401 2333 1779 2397; baseline 0 -16"><span class='ocrx_word' id='word_1_248' title='bbox 401 2334 547 2381; x_wconf 87' lang='lat' dir='ltr'>etiam</span> <span class='ocrx_word' id='word_1_249' title='bbox 575 2334 725 2381; x_wconf 90' lang='lat' dir='ltr'>refert</span> <span class='ocrx_word' id='word_1_250' title='bbox 758 2350 822 2381; x_wconf 86' lang='lat' dir='ltr'>an</span> <span class='ocrx_word' id='word_1_251' title='bbox 855 2340 1093 2396; x_wconf 86' lang='lat' dir='ltr'><strong>punctum</strong></span> <span class='ocrx_word' id='word_1_252' title='bbox 1130 2333 1168 2380; x_wconf 86' lang='lat' dir='ltr'>C</span> <span class='ocrx_word' id='word_1_253' title='bbox 1203 2333 1266 2380; x_wconf 88' lang='lat' dir='ltr'>sit</span> <span class='ocrx_word' id='word_1_254' title='bbox 1300 2334 1545 2397; x_wconf 85' lang='lat' dir='ltr'>objectum</span> <span class='ocrx_word' id='word_1_255' title='bbox 1579 2333 1779 2396; x_wconf 84' lang='lat' dir='ltr'>aliquod</span> 
     </span>
     <span class='ocr_line' id='line_1_29' title="bbox 400 2407 1778 2471; baseline 0 -15"><span class='ocrx_word' id='word_1_256' title='bbox 400 2409 586 2456; x_wconf 91' lang='lat' dir='ltr'><strong>visibile</strong></span> <span class='ocrx_word' id='word_1_257' title='bbox 605 2425 668 2456; x_wconf 91' lang='lat' dir='ltr'>an</span> <span class='ocrx_word' id='word_1_258' title='bbox 687 2425 802 2467; x_wconf 91' lang='lat' dir='ltr'>non,</span> <span class='ocrx_word' id='word_1_259' title='bbox 820 2407 966 2455; x_wconf 90' lang='lat' dir='ltr'>modo</span> <span class='ocrx_word' id='word_1_260' title='bbox 985 2407 1087 2454; x_wconf 83' lang='lat' dir='ltr'>axis</span> <span class='ocrx_word' id='word_1_261' title='bbox 1108 2407 1297 2470; x_wconf 87' lang='lat' dir='ltr'><strong>opticus</strong></span> <span class='ocrx_word' id='word_1_262' title='bbox 1314 2415 1520 2471; x_wconf 89' lang='lat' dir='ltr'>uterque</span> <span class='ocrx_word' id='word_1_263' title='bbox 1538 2407 1601 2455; x_wconf 90' lang='lat' dir='ltr'>ad</span> <span class='ocrx_word' id='word_1_264' title='bbox 1617 2408 1778 2471; x_wconf 89' lang='lat' dir='ltr'><strong>ipsum</strong></span> 
     </span>
     <span class='ocr_line' id='line_1_30' title="bbox 401 2482 1776 2546; baseline 0.001 -15"><span class='ocrx_word' id='word_1_265' title='bbox 401 2484 571 2532; x_wconf 89' lang='lat' dir='ltr'>tendat</span> <span class='ocrx_word' id='word_1_266' title='bbox 591 2505 603 2539; x_wconf 82' lang='lat'>3</span> <span class='ocrx_word' id='word_1_267' title='bbox 641 2499 932 2546; x_wconf 89' lang='lat' dir='ltr'>quamquam</span> <span class='ocrx_word' id='word_1_268' title='bbox 956 2483 1058 2530; x_wconf 91' lang='lat' dir='ltr'>sine</span> <span class='ocrx_word' id='word_1_269' title='bbox 1077 2482 1239 2545; x_wconf 91' lang='lat' dir='ltr'>aliquo</span> <span class='ocrx_word' id='word_1_270' title='bbox 1260 2484 1450 2546; x_wconf 87' lang='lat' dir='ltr'>objecto</span> <span class='ocrx_word' id='word_1_271' title='bbox 1467 2482 1644 2530; x_wconf 90' lang='lat' dir='ltr'><strong>visibili</strong></span> <span class='ocrx_word' id='word_1_272' title='bbox 1661 2499 1776 2532; x_wconf 80' lang='lat' dir='ltr'>axes</span> 
     </span>
     <span class='ocr_line' id='line_1_31' title="bbox 399 2557 1776 2621; baseline 0 -15"><span class='ocrx_word' id='word_1_273' title='bbox 399 2559 587 2621; x_wconf 88' lang='lat' dir='ltr'><strong>opticos</strong></span> <span class='ocrx_word' id='word_1_274' title='bbox 611 2560 675 2606; x_wconf 88' lang='lat' dir='ltr'>ad</span> <span class='ocrx_word' id='word_1_275' title='bbox 696 2566 934 2621; x_wconf 90' lang='lat' dir='ltr'><strong>punctum</strong></span> <span class='ocrx_word' id='word_1_276' title='bbox 958 2557 1127 2605; x_wconf 88' lang='lat' dir='ltr'>datum</span> <span class='ocrx_word' id='word_1_277' title='bbox 1146 2557 1399 2621; x_wconf 86' lang='lat' dir='ltr'>dirigente,</span> <span class='ocrx_word' id='word_1_278' title='bbox 1426 2557 1664 2605; x_wconf 86' lang='lat' dir='ltr'>difficilius</span> <span class='ocrx_word' id='word_1_279' title='bbox 1687 2559 1776 2606; x_wconf 84' lang='lat' dir='ltr'>ali-</span> 
     </span>
     <span class='ocr_line' id='line_1_32' title="bbox 398 2633 1775 2697; baseline 0.001 -17"><span class='ocrx_word' id='word_1_280' title='bbox 398 2642 582 2696; x_wconf 89' lang='lat' dir='ltr'>quanto</span> <span class='ocrx_word' id='word_1_281' title='bbox 617 2635 680 2682; x_wconf 90' lang='lat' dir='ltr'>sit</span> <span class='ocrx_word' id='word_1_282' title='bbox 708 2650 851 2697; x_wconf 91' lang='lat' dir='ltr'>quam</span> <span class='ocrx_word' id='word_1_283' title='bbox 884 2640 955 2692; x_wconf 92' lang='lat' dir='ltr'>ut,</span> <span class='ocrx_word' id='word_1_284' title='bbox 993 2633 1096 2680; x_wconf 88' lang='lat' dir='ltr'>sine</span> <span class='ocrx_word' id='word_1_285' title='bbox 1132 2633 1480 2681; x_wconf 85' lang='lat' dir='ltr'>consuetudine</span> <span class='ocrx_word' id='word_1_286' title='bbox 1513 2634 1775 2695; x_wconf 91' lang='lat' dir='ltr'>torquendi</span> 
     </span>
     <span class='ocr_line' id='line_1_33' title="bbox 398 2707 1196 2770; baseline -0.003 -14"><span class='ocrx_word' id='word_1_287' title='bbox 398 2709 562 2757; x_wconf 89' lang='lat' dir='ltr'>oculos</span> <span class='ocrx_word' id='word_1_288' title='bbox 583 2709 646 2756; x_wconf 89' lang='lat' dir='ltr'>ad</span> <span class='ocrx_word' id='word_1_289' title='bbox 667 2709 874 2766; x_wconf 89' lang='lat' dir='ltr'>libitum,</span> <span class='ocrx_word' id='word_1_290' title='bbox 899 2708 1007 2755; x_wconf 90' lang='lat' dir='ltr'>fieri</span> <span class='ocrx_word' id='word_1_291' title='bbox 1028 2707 1196 2770; x_wconf 90' lang='lat' dir='ltr'><strong>possit.</strong></span> 
     </span>
     <span class='ocr_line' id='line_1_34' title="bbox 465 2782 1773 2847; baseline 0.001 -16"><span class='ocrx_word' id='word_1_292' title='bbox 465 2784 639 2831; x_wconf 90' lang='lat' dir='ltr'>Coroll.</span> <span class='ocrx_word' id='word_1_293' title='bbox 666 2799 701 2831; x_wconf 91' lang='lat'>1.</span> <span class='ocrx_word' id='word_1_294' title='bbox 739 2784 811 2830; x_wconf 89' lang='lat' dir='ltr'>Ex</span> <span class='ocrx_word' id='word_1_295' title='bbox 844 2784 938 2831; x_wconf 88' lang='lat' dir='ltr'>hoc</span> <span class='ocrx_word' id='word_1_296' title='bbox 972 2782 1177 2845; x_wconf 86' lang='lat' dir='ltr'>intelligi</span> <span class='ocrx_word' id='word_1_297' title='bbox 1217 2788 1392 2845; x_wconf 86' lang='lat' dir='ltr'>potest,</span> <span class='ocrx_word' id='word_1_298' title='bbox 1429 2782 1559 2845; x_wconf 93' lang='lat' dir='ltr'>quod</span> <span class='ocrx_word' id='word_1_299' title='bbox 1593 2783 1654 2842; x_wconf 92' lang='lat' dir='ltr'>ei,</span> <span class='ocrx_word' id='word_1_300' title='bbox 1689 2785 1773 2847; x_wconf 93' lang='lat' dir='ltr'>qui</span> 
     </span>
     <span class='ocr_line' id='line_1_35' title="bbox 398 2858 1770 2922; baseline -0.001 -15"><span class='ocrx_word' id='word_1_301' title='bbox 398 2861 641 2922; x_wconf 85' lang='lat' dir='ltr'>objectum</span> <span class='ocrx_word' id='word_1_302' title='bbox 677 2858 873 2920; x_wconf 88' lang='lat' dir='ltr'>aliquod</span> <span class='ocrx_word' id='word_1_303' title='bbox 907 2858 1045 2906; x_wconf 91' lang='lat' dir='ltr'>valde</span> <span class='ocrx_word' id='word_1_304' title='bbox 1079 2874 1281 2920; x_wconf 87' lang='lat' dir='ltr'>parvum</span> <span class='ocrx_word' id='word_1_305' title='bbox 1316 2865 1501 2906; x_wconf 89' lang='lat' dir='ltr'>attente</span> <span class='ocrx_word' id='word_1_306' title='bbox 1538 2858 1770 2918; x_wconf 87' lang='lat' dir='ltr'>intuetur,</span> 
     </span>
    </p>
   </div>
   <div class='ocr_carea' id='block_1_3' title="bbox 1963 2937 1994 3256">
    <p class='ocr_par' dir='ltr' id='par_1_3' title="bbox 1963 2937 1994 3256">
     <span class='ocr_line' id='line_1_36' title="bbox 1963 2937 1994 3256; baseline 0 0"><span class='ocrx_word' id='word_1_307' title='bbox 1963 2937 1994 3256; x_wconf 95' lang='lat' dir='ltr'> </span> 
     </span>
    </p>
   </div>
  </div>
 </body>
</html>
