2020 3262
473 241 560 283 184
1014 256 1297 291 LIBERTAS.

206 376 333 409 SECT.
350 377 419 410 111.
466 360 688 409 damnum
707 363 750 410 ei
773 364 919 412 infert
938 366 1018 413 cui
1039 367 1247 422 malum3
1275 368 1508 430 injuriam
1532 369 1621 416 soli
1643 369 1729 428 illi,
1754 370 1842 432 q'ui·

225 428 412 497 ss
465 436 615 484 totius
640 437 848 487 civitatis
871 446 1162 502 potestatem
1185 443 1345 489 habet.
1392 443 1586 490 Etenim
1609 443 1650 490 si
1671 443 1729 503 is,
1754 444 1839 508 qui

467 510 695 559 damnum
718 514 906 577 recipit,
930 516 1156 578 injuriam
1184 518 1528 580 expostularet,
1553 518 1593 565 is
1617 519 1700 581 qui
1721 518 1840 567 fecit

466 589 534 636 sic
563 590 761 649 diceret,
786 593 902 655 quid
934 602 990 641 tu
1024 595 1174 642 mihi?
1212 612 1360 658 quare
1383 596 1594 644 facerem
1631 612 1721 660 ego
1751 604 1840 646 tuo

463 665 623 726 potius
648 683 791 729 quam
806 684 913 715 meo
937 669 1092 728 libitu,
1118 670 1369 733 siquidem,
1395 672 1513 734 quin
1536 678 1592 719 tu
1614 678 1715 731 tuo,
1739 688 1838 720 non

463 755 587 799 meo,
602 742 838 789 arbitratu
850 743 1014 801 facias,
1030 760 1129 792 non
1143 745 1381 808 impedio?
1418 747 1475 793 In
1494 762 1590 808 qua
1604 747 1840 807 oratione,

463 815 547 862 ubi
569 816 701 864 nulla
723 817 1103 867 intercesserunt
1127 826 1305 884 pac-ta,
1325 837 1424 868 non
1454 821 1594 868 video
1618 821 1736 884 quid
1758 822 1840 881 sit,

465 891 593 953 quod
615 892 767 954 possit
789 893 1093 955 reprehendi.

184 969 420 1051 ffittiffindssisfi.
531 973 574 1014 5.
612 967 826 1015 Nomina
840 969 947 1016 haec
957 970 1149 1031 justum
1174 978 1223 1018 et
1248 970 1495 1032 injustum,
1516 971 1641 1019 sicut
1665 980 1714 1019 et
1723 971 1841 1033 jus-⁴

184 1056 254 1083 tiam
266 1056 430 1105 nominum,
464 1041 581 1089 titia
605 1049 655 1089 et
677 1042 941 1105 injustitia,
958 1044 1206 1107 aequivoca
1219 1051 1357 1092 sunt:
1383 1046 1515 1093 aliud
1539 1046 1667 1093 enim
1691 1046 1840 1109 signi-

184 1101 214 1126 ⁰²
227 1102 382 1127 ”mmm
461 1118 610 1165 ficant
643 1133 754 1165 cum
787 1119 1020 1180 personis,
1056 1119 1189 1166 aliud
1224 1136 1338 1167 cum
1374 1121 1645 1168 actionibus
1685 1121 1842 1169 tribu·-

461 1201 623 1240 untur.
685 1193 810 1240 Cum
833 1194 1104 1241 actionibus
1127 1195 1422 1254 tribuuntur,
1446 1196 1575 1243 idem
1598 1195 1843 1258 significat

449 1269 656 1331 justum,
677 1269 807 1331 quod
819 1270 928 1331 jure
944 1269 1147 1325 factum3
1173 1277 1222 1317 et
1235 1270 1482 1333 injustum,
1500 1271 1630 1333 quod
1645 1271 1838 1334 injuria.

463 1343 551 1390 Ille
567 1350 744 1402 autem,
761 1344 844 1406 qui
861 1345 1171 1406 fecitjustzcm
1196 1345 1392 1408 aliquid,
1411 1346 1520 1393 ideo
1540 1346 1722 1405 insons,
1737 1362 1838 1394 non

450 1417 621 1479 justus
631 1418 827 1465 dicitur:
848 1434 957 1465 eum
971 1427 1150 1478 autem,
1168 1420 1250 1482 qui
1263 1419 1378 1467 fecit
1392 1420 1575 1484 aliquid
1590 1420 1840 1483 injustum,

462 1508 561 1539 non
584 1492 693 1539 ideo
725 1493 972 1554 injustum,
1006 1493 1090 1541 sed
1122 1501 1307 1541 sontem
1340 1495 1557 1543 dicimus.
1628 1496 1841 1544 Quando

462 1583 577 1614 vero
602 1567 661 1614 de
684 1568 900 1630 personis
923 1575 1231 1631 usurpantur,
1257 1586 1365 1616 esse
1385 1571 1575 1632 justum
1600 1570 1843 1634 significat

463 1641 593 1690 idem
611 1643 741 1705 quod
755 1644 883 1706 juste
900 1643 1123 1692 faciendo
1144 1644 1390 1704 delectari,
1407 1646 1611 1708 justitiae
1630 1646 1840 1706 studere,

463 1717 541 1764 vel
559 1718 725 1765 conari
742 1720 902 1766 facere
919 1719 970 1766 in
989 1719 1120 1766 omni
1143 1736 1197 1767 re
1220 1720 1272 1767 id
1291 1721 1421 1783 quod
1439 1722 1626 1784 justum
1642 1729 1729 1769 est.
1777 1723 1842 1770 Et

464 1808 572 1839 esse
595 1792 827 1855 injustum
859 1802 932 1841 est
961 1794 1206 1857 negligere
1233 1796 1488 1857 justitiam,
1511 1796 1588 1844 vel
1611 1812 1717 1844 eam
1740 1813 1840 1846 non

463 1875 609 1930 pacto
627 1884 730 1927 suo,
751 1869 837 1916 sed
853 1870 1082 1932 praesenti
1100 1871 1353 1918 commodo
1369 1871 1743 1920 mensurandam
1758 1888 1841 1920 ex-

463 1942 692 1991 istimare.
729 1944 804 1991 Ita
816 1952 872 1991 ut
889 1945 983 1992 alia
1006 1945 1068 1992 sit
1086 1945 1233 1992 animi
1250 1945 1473 2005 instituti,
1494 1947 1593 1994 sive
1615 1947 1839 2006 hominis,

464 2017 559 2065 alia
579 2018 723 2066 unius
746 2019 949 2067 actionis
974 2020 1050 2067 vel
1073 2020 1342 2068 omissionis
1363 2021 1573 2083 justitia
1603 2029 1651 2070 et
1685 2022 1841 2085 injus-

466 2093 583 2140 titia
592 2112 610 2147 ;
645 2095 925 2157 possintque
947 2095 1156 2143 hominis
1178 2097 1312 2158 justi
1335 2097 1549 2144 actiones
1572 2097 1839 2146 innumerae

466 2168 679 2230 injustae,
698 2175 747 2216 et
771 2169 944 2232 injusti
954 2172 1109 2233 justoe
1132 2186 1249 2218 esse.
1318 2171 1494 2219 Justus
1513 2180 1675 2220 autem
1691 2172 1838 2220 homo

466 2243 696 2290 dicendus
733 2250 820 2302 est,
861 2245 941 2307 qui
977 2245 1111 2307 justa
1150 2245 1267 2292 facit
1306 2253 1504 2308 propter
1541 2253 1838 2309 praeceptum

462 2319 614 2382 legis;
649 2319 843 2382 injusta,
868 2336 966 2367 non
994 2321 1087 2368 nisi
1109 2337 1195 2383 per
1218 2321 1576 2376 infirmitatem;
1609 2322 1837 2384 injustus,

464 2394 546 2456 qui
564 2395 696 2456 justa
716 2394 835 2441 facit
856 2402 1058 2457 propter
1080 2412 1275 2458 poenam
1298 2397 1394 2460 legi
1418 2396 1726 2460 adjunctam3
1763 2398 1838 2445 in-

458 2470 604 2532 justa,
628 2485 715 2532 per
738 2470 885 2516 animi
907 2471 1228 2533 iniquitat-em.

205 2545 427 2601 ᾯξεᾰᾳοῑῑοᾶυε»
528 2551 573 2592 6.
609 2544 808 2592 Justitia
827 2545 1074 2592 actionum
1094 2546 1327 2608 distingui
1343 2546 1487 2609 vulgo
1507 2546 1628 2593 solet
1645 2546 1696 2594 in
1716 2547 1836 2595 duas

203 2597 414 2665 ἓῗιῗαῖἷὶέἕιῃῖι
463 2620 659 2683 species,
696 2621 1083 2668 commutativczm
1119 2629 1168 2669 et
1202 2621 1594 2675 distributivam;
1631 2638 1836 2684 quarum

203 2680 413 2752 fffflffissffn
461 2695 672 2757 priorem
692 2694 832 2742 sitam
848 2711 950 2742 esse
969 2694 1106 2743 aiunt
1123 2697 1174 2743 in
1188 2695 1500 2759 proportione
1514 2695 1836 2755 arithmetica,

461 2770 774 2833 posteriorem
791 2770 842 2816 in
859 2772 1176 2833 geometrica:
1213 2771 1438 2833 illamque
1457 2772 1634 2818 versari
1653 2772 1702 2820 in
1722 2789 1834 2836 per-

463 2845 743 2904 mutatione,
768 2846 1059 2906 venditione,
1085 2847 1309 2905 emtione,
1351 2847 1634 2905 mutatione,
1677 2848 1836 2896 mutui
