2020 3262
666 243 738 276 DE
765 241 1091 276 RELIGIONE.
1483 235 1574 278 123

174 354 362 419 singuli
385 354 588 403 arbitrio
627 371 731 403 suo.
802 354 1030 403 Publicus
1054 360 1145 412 est,
1171 368 1317 416 quem
1341 352 1575 400 exhibent
1627 377 1753 409 SECT,
1775 377 1823 409 ῃ,

180 430 331 492 iidem
349 431 492 494 jussu
514 430 742 480 civitatis.
813 430 1035 478 Privatus
1069 444 1237 477 rursus
1260 428 1339 476 vel
1374 428 1434 475 ab
1472 444 1573 475 uno
1702 428 1750 458 ¹4·

98 507 99 510 ’
181 514 386 566 secreto,
409 507 488 555 vel
504 523 535 555 a
554 507 776 570 pluribus
799 505 1019 554 collectis
1044 505 1330 559 exhibetur3
1367 519 1575 567 quorum

180 582 265 632 ille
300 582 500 646 pietatis
540 582 745 631 sincerae
784 582 980 645 signum
1016 587 1120 637 est3
1170 595 1406 643 quorsum
1445 579 1576 626 enim

183 657 411 706 simulare
451 657 523 705 illi
560 657 645 722 qui
683 673 714 705 a
753 657 947 705 nemine
970 656 1180 716 videtur,
1205 655 1300 704 nisi
1323 655 1384 703 ab
1410 670 1468 702 eo
1493 654 1578 717 qui

182 733 543 782 simulationem
589 733 739 781 etiam
770 732 940 781 videt?
976 732 1058 780 hic
1083 731 1339 780 simulatus
1368 730 1447 778 vel
1477 746 1578 777 am-

175 809 388 858 bitiosus
420 825 524 858 esse
554 817 732 874 potest.
803 810 862 857 In
896 809 1034 857 cultu
1068 815 1258 857 secreto
1287 806 1578 856 ceremoniae

181 885 330 934 nullae
354 893 484 934 sunt.
555 885 868 934 Ceremonias
909 884 1100 949 appello
1138 900 1343 948 operum
1381 882 1578 947 pietatis

183 961 326 1026 signa
353 960 452 1020 illa,
478 977 589 1025 quae
625 978 726 1010 non
752 978 782 1010 a
816 969 997 1009 natura
1024 961 1185 1025 operis
1217 961 1459 1019 oriuntur,
1492 958 1579 1007 sed

183 1038 247 1086 ab
265 1037 469 1086 arbitrio
484 1037 698 1086 civitatis
716 1060 728 1094 ;
764 1054 882 1086 nam
898 1044 1184 1101 precantem
1198 1036 1275 1084 vel
1290 1036 1577 1084 adorantem

180 1113 504 1178 procumbere
528 1114 605 1161 vel
639 1129 803 1177 genua
839 1114 1036 1161 flectere
1073 1128 1164 1176 pro
1189 1112 1329 1175 signo
1352 1110 1580 1159 humilia-

181 1188 333 1239 tionis
356 1196 407 1238 et
442 1182 773 1253 subjectionis>
802 1206 969 1239 coram
1004 1190 1125 1248 Deo,
1151 1188 1378 1237 omnibus
1401 1195 1582 1235 natura

185 1265 337 1322 dedit,
361 1265 538 1329 quibus
563 1281 667 1314 esse
704 1266 864 1314 Deum
902 1265 1039 1314 dedit
1062 1264 1277 1313 credere.
1349 1265 1407 1312 In
1445 1263 1581 1311 cultu

183 1341 375 1406 privato
391 1341 606 1405 plurium
625 1341 770 1390 simul
790 1341 1082 1389 ceremoniae
1101 1357 1205 1389 esse
1222 1348 1445 1403 possunt,
1467 1339 1583 1403 quia

130 1415 132 1418 ’
183 1425 394 1483 possunt
415 1417 548 1466 inter
571 1434 622 1466 se
642 1417 703 1466 de
729 1417 908 1465 decoro
928 1417 1136 1465 actionis
1156 1416 1429 1464 communis
1450 1432 1583 1463 com-

183 1493 401 1542 muniter
423 1500 670 1549 statuere;
706 1493 853 1542 modo
877 1493 1000 1541 nihil
1033 1492 1218 1540 faciant
1253 1499 1428 1540 contra
1449 1492 1582 1555 leges

185 1569 414 1618 civitatis.
469 1568 569 1617 Sed
590 1569 729 1617 locus
751 1568 833 1616 hic
858 1575 932 1616 est
956 1575 1007 1616 et
1029 1568 1408 1615 invitamentum
1433 1567 1583 1615 simu-

185 1644 399 1704 lationis,
435 1660 546 1708 quae
586 1652 754 1692 tamen
790 1643 1054 1707 aliquando
1079 1643 1224 1707 culpa
1247 1651 1405 1691 vacat.
1478 1643 1584 1691 Ho-

186 1721 344 1769 mines
368 1721 515 1780 enim,
541 1720 583 1768 si
619 1721 671 1768 in
694 1736 847 1768 unum
885 1719 1049 1767 locum
1086 1719 1406 1767 convenerint
1442 1719 1586 1767 multi

54 1843 71 1860 „⁴
189 1796 350 1855 simul,
384 1795 569 1844 habent
604 1796 701 1844 hoc
725 1812 756 1843 a
779 1803 958 1843 natura
980 1795 1328 1854 multitudinis,
1352 1803 1409 1843 ut
1433 1811 1463 1843 a
1485 1795 1585 1843 sin-

50 1865 70 1932 ’,ζ
187 1872 316 1937 gulis
338 1872 503 1921 timeri
529 1872 696 1931 velint,
732 1872 1080 1936 postulentque
1098 1879 1157 1920 ut
1174 1888 1320 1920 nemo
1339 1888 1498 1936 neque
1522 1872 1587 1920 ad

116 1942 122 1946 ’
187 1948 316 2008 illos,
345 1964 506 2012 neque
545 1964 712 1997 coram
744 1948 839 1996 illis
881 1948 1168 2008 scurriliter,
1205 1949 1583 2007 inconsiderate,

187 2024 386 2084 rustice,
411 2024 751 2087 incomposite,
785 2032 871 2072 aut
893 2040 1010 2083 non,
1035 2032 1285 2088 quantum
1300 2025 1371 2073 illi
1404 2025 1585 2073 intelli-

178 2106 327 2164 gunt,
354 2100 662 2148 ornatissime
676 2101 924 2164 loquatur,
944 2116 1037 2148 nec
1052 2117 1152 2149 non
1169 2085 1366 2164 gestum
1382 2101 1587 2164 exigunt

187 2174 424 2224 decorum
446 2176 703 2240 gravitate,
729 2183 780 2224 et
805 2176 938 2239 quali
961 2192 1106 2225 nemo
1130 2177 1288 2225 utitur
1312 2177 1445 2226 domi
1468 2194 1584 2226 suae.

183 2252 505 2316 Quapropter
529 2252 615 2312 illi,
642 2252 727 2316 qui
750 2252 814 2300 ad
837 2252 1205 2301 multitudinem
1227 2254 1305 2302 vel
1328 2254 1380 2302 in
1416 2270 1586 2302 eorum

155 2369 159 2372 .
187 2329 451 2393 praesentia
476 2329 667 2376 caeteris
692 2328 918 2376 omnibus
955 2329 1231 2378 tacentibus
1254 2330 1485 2394 loquitur,
1509 2329 1584 2377 in—

60 2456 62 2461 ,
189 2404 388 2454 (luenda
399 2420 629 2470 persona
653 2416 727 2453 est
745 2405 942 2469 gravior
965 2406 1277 2470 sanctiorque
1302 2423 1449 2470 quam
1469 2407 1588 2455 alio-

50 2470 81 2502 '⁷
119 2520 122 2521 γ
189 2480 276 2544 qui
297 2480 512 2537 faceret;
550 2497 660 2545 quae
702 2481 889 2544 species
931 2480 1130 2543 quidem
1170 2482 1472 2531 histrionicae
1496 2491 1587 2543 est,

189 2556 277 2605 sed
295 2556 441 2621 culpa
463 2564 622 2616 vacat,
647 2557 719 2605 ita
743 2556 931 2605 scilicet
953 2555 1236 2620 postulante
1254 2559 1588 2620 multitudine,

189 2631 393 2696 singulis
415 2632 572 2681 multo
595 2633 891 2696 potentiore.

256 2713 306 2757 9.
341 2708 514 2757 Cultus
536 2709 761 2773 publicus
796 2710 900 2758 sine
925 2713 1213 2761 ceremoniis
1247 2728 1352 2760 esse
1377 2728 1477 2760 non
1500 2729 1588 2776 po-
1607 2719 1716 2771 emtus
1799 2764 1805 2771 ,

188 2789 320 2839 test;
356 2800 472 2832 nam
501 2785 663 2833 cultus
698 2785 923 2848 publicus
947 2787 988 2835 is
1026 2796 1115 2848 est,
1149 2805 1295 2852 quem
1320 2788 1370 2836 in
1394 2789 1588 2853 signum
1606 2764 1744 2802 Pubh⁰¹¹⁸
1757 2764 1836 2802 ‘⁹¹¹⁶'

191 2858 349 2909 habiti
386 2859 587 2910 honoris
620 2861 725 2910 Deo
764 2862 982 2910 exhiberi
1014 2865 1075 2912 ab
1116 2864 1342 2913 omnibus
1385 2865 1588 2925 civibus,
