2020 3262
362 246 435 280 ΒΕ
463 246 652 280 REGNo
680 245 775 279 nm
804 244 910 278 PER
937 243 1161 279 PAcTUM
1188 245 1410 279 NovUM.
1482 232 1579 285 373

183 357 488 424 dignitatem
524 361 630 424 ejus
666 357 896 422 regalem,
937 356 1119 421 partim
1165 356 1494 405 humilitatem
1532 363 1582 405 et

174 435 468 499 passionem
507 434 916 499 praenunciantes,
957 433 1125 481 multae
1170 432 1221 479 in
1267 433 1580 480 Testamento

193 509 373 558 Vetere
397 518 592 559 exstant
613 509 885 574 prophetiae
903 525 1004 557 non
1023 509 1261 556 obscurae.
1312 508 1387 556 De
1411 509 1582 573 digni-

185 592 308 642 tate,
332 587 461 634 inter
490 587 608 635 alias
644 587 750 642 hae;
787 585 1081 634 benedicens
1113 585 1247 633 Deus
1284 584 1581 645 Abrahamo,

181 662 429 726 promittit
453 663 497 710 ei
520 664 675 711 filium
708 663 861 722 Isaac,
893 662 1130 724 additque
1164 661 1304 722 (Gen.
1329 661 1444 709 xvii.
1475 663 1579 723 16)·
1570 700 1580 709 .

183 737 261 785 Et
301 755 453 803 reges
484 738 790 803 populorum
837 738 1064 786 orientur
1100 754 1161 784 ex
1202 754 1275 784 eo.
1366 736 1583 785 Jacobus

189 813 331 876 (Gen.
356 815 473 863 xlix.
507 815 585 877 10)
621 814 916 863 benedicens
952 813 1053 861 filio
1097 829 1184 861 suo
1223 812 1394 862 Judae:
1466 813 1584 861 Non

183 889 464 953 afferetur,
506 890 682 953 inquit,
728 896 981 955 sceptrum
1023 889 1085 936 de
1122 889 1278 938 Juda.
1346 889 1479 938 Deus
1522 890 1586 937 ad

184 964 406 1014 Mosem:
478 965 805 1030 Prophetam,
858 965 1034 1028 inquit,
1093 965 1258 1025 (Deut.
1294 966 1428 1014 xviii.
1484 967 1585 1028 18),

181 1041 440 1095 >suscitabo
481 1042 556 1089 eis
596 1059 659 1089 ecc
697 1041 858 1089 medio
871 1040 1112 1106 fratrum
1141 1058 1340 1089 suorum
1375 1042 1586 1090 similem

185 1118 293 1167 tui:
329 1124 380 1166 et
406 1134 592 1182 ponam
616 1116 768 1164 verba
786 1133 894 1164 mea
919 1116 970 1164 in
995 1133 1082 1164 ore
1106 1117 1230 1179 ejus,
1256 1116 1587 1182 loqueturque

184 1194 259 1243 ad
288 1211 377 1241 eos
416 1193 580 1241 omnia
611 1210 720 1257 quoe
744 1209 1044 1257 proecepero
1088 1192 1184 1241 illi.
1281 1194 1380 1250 Qui
1421 1201 1587 1242 autem

183 1269 338 1319 verba
373 1270 497 1332 ejus,
523 1286 631 1333 qua>
668 1268 900 1333 loquetur
937 1269 989 1316 in
1019 1270 1211 1317 nomine
1245 1287 1366 1330 meo,
1404 1271 1587 1319 audire

182 1345 421 1404 noluerit,
468 1362 565 1410 ego
616 1344 752 1393 ultor
791 1346 1048 1393 exsistam.
1143 1346 1293 1394 Isaias
1340 1346 1442 1409 (vii.
1478 1347 1584 1409 14):

183 1421 346 1470 Dabit
382 1420 627 1469 Dominus
665 1422 777 1486 ipse
810 1421 949 1469 vobis
985 1422 1183 1487 signum
1198 1441 1216 1470 .·
1263 1422 1404 1470 Ecce
1435 1422 1585 1487 virgo

183 1497 437 1562 concipiet
477 1504 528 1545 et
565 1498 747 1562 pariet
770 1497 958 1560 filium,
1006 1504 1056 1545 et
1105 1498 1367 1546 vocabitur
1414 1515 1586 1547 nomen

183 1573 293 1637 ejus
316 1573 581 1622 Emanuel.
655 1573 796 1622 Idem
811 1574 941 1634 (lsai.
958 1574 1023 1622 ix.
1041 1574 1128 1637 6):
1165 1574 1421 1623 Parvulas
1436 1582 1587 1623 natus

181 1655 263 1697 est
290 1648 449 1709 nobis,
479 1655 531 1697 et
544 1648 698 1712 filius
730 1649 882 1697 datus
915 1656 993 1697 est
1024 1650 1182 1710 nobis,
1217 1657 1269 1698 et
1286 1651 1478 1715 factus
1509 1659 1589 1700 est

176 1724 511 1790 principatus
559 1741 714 1789 super
752 1725 999 1772 humerum
1039 1726 1180 1789 ejus:
1234 1733 1284 1774 et
1325 1727 1588 1777 vocabitur

185 1817 357 1849 nomen
391 1800 500 1863 ejus
529 1800 867 1860 admirabilis,
884 1800 1226 1862 consiliarius,
1250 1802 1391 1851 Deus
1395 1804 1588 1867 fortis,

177 1883 338 1943 pater
336 1877 521 1940 futuri
539 1876 726 1936 saeculi,
744 1877 995 1942 princeps
1010 1878 1180 1942 pacis.
1224 1879 1412 1928 Rursus
1452 1881 1585 1944 (lsai.

184 1953 252 2002 xi.
283 1953 417 2016 1-5):
486 1952 810 2018 Egredietur
844 1953 996 2018 virga
1028 1954 1091 2002 de
1118 1954 1297 2003 radice
1336 1956 1503 2017 Jesse,
1537 1963 1588 2006 et

169 2029 280 2093 flos
299 2029 362 2077 de
379 2028 558 2077 radice
581 2030 690 2092 ejus
727 2029 999 2085 ascendet;
1036 2036 1087 2078 et
1113 2033 1396 2095 requiescet
1431 2051 1588 2099 super

185 2122 294 2154 eum
324 2105 542 2170 spiritus
573 2106 854 2171 sapientiae,
897 2112 992 2154 etc.
1061 2107 1181 2155 Non
1212 2108 1478 2157 secundum
1518 2111 1589 2159 vi-

186 2182 373 2230 sionem
398 2181 652 2230 oculorum
673 2181 969 2245 judicabit;
1008 2199 1165 2247 neque
1196 2185 1463 2233 secundum
1499 2204 1589 2235 au-

188 2257 346 2306 ditum
383 2258 580 2305 aurium
618 2265 839 2323 arguet;
880 2259 976 2307 sed
998 2259 1261 2322 judicabit
1297 2261 1349 2309 in
1373 2263 1590 2325 justitia

178 2350 459 2400 pauperes,
493 2341 587 2382 etc.
612 2341 663 2382 et
690 2335 951 2400 percutiet
971 2341 1161 2383 terram
1184 2336 1337 2402 virga
1362 2338 1468 2386 oris
1493 2339 1589 2399 sui,

187 2417 240 2459 et
256 2411 447 2475 spiritu
471 2410 717 2459 labiorum
741 2411 1011 2474 interficiet
1039 2412 1255 2476 impium.
1326 2414 1587 2475 Praeterea,

188 2486 410 2551 ejusdem
445 2486 586 2535 Isaiae
622 2486 864 2550 capitibus
903 2487 953 2535 li.
986 2488 1054 2536 lii.
1081 2488 1167 2536 liii.
1198 2489 1280 2537 liv.
1304 2490 1386 2538 lvi.
1411 2490 1476 2539 lx.
1502 2491 1586 2541 lxi.

187 2561 290 2611 lxii.
327 2579 454 2627 pene
488 2562 612 2611 nihil
646 2562 781 2611 aliud
820 2564 1114 2624 continetur,
1154 2572 1336 2629 praeter
1371 2566 1587 2632 descrip-

187 2638 375 2687 tionem
389 2638 629 2687 adventus
646 2646 695 2687 et
713 2655 917 2702 operum
930 2639 1083 2688 futuri
1102 2639 1313 2690 Christi.
1351 2642 1381 2691 J
1384 2659 1588 2694 eremias

179 2713 347 2776 (xxxi.
382 2716 485 2777 31)·
555 2713 695 2762 Ecce
733 2714 844 2762 dies
883 2716 1060 2775 veniet,
1098 2716 1226 2764 dicit
1252 2718 1512 2781 Dominus,
1537 2728 1589 2769 et

170 2789 373 2854 feriam
396 2790 562 2838 domui
581 2790 755 2838 Israel
771 2797 821 2838 et
841 2791 1006 2839 domui
1031 2791 1373 2858 Judoefoedus
1396 2812 1584 2857 novum,

191 2872 284 2914 etc.
322 2866 518 2915 Baruch
554 2866 641 2930 (iii.
680 2872 759 2926 36,
799 2867 919 2931 38):
959 2867 1066 2916 Hic
1099 2875 1177 2917 est
1216 2869 1357 2919 Deus
1396 2879 1583 2933 noster,

1621 376 1750 409 SECT.
1772 375 1841 408 111.

1707 427 1756 460 17.

1600 520 1748 593 ggii-iim
1691 566 1713 593 ti
1727 565 1756 594 di
1748 565 1871 602 {gnitate-
