2020 3262
169 403 298 437 SECT.
318 406 388 440 111.

267 457 294 487 1.

165 841 314 872 societatis
324 844 389 872 civi-

162 884 199 912 lis
210 885 324 914 initium
333 897 394 916 esse

162 935 181 955 a
192 932 294 958 mutuo
307 934 394 959 metu.

435 266 526 309 158
977 280 1257 315 LIBERTAs.

429 385 526 434 sint
542 386 606 435 ad
628 388 919 450 societatem,
944 399 994 439 et
1012 392 1074 441 ad
1098 392 1480 440 conservandum
1504 409 1555 441 se
1572 393 1802 444 adversus

427 468 645 510 mutuam
666 464 792 521 vim3
830 466 1004 514 deinde
1037 467 1418 531 progredienteS‚
1458 468 1577 531 quid
1612 470 1799 518 consilii

426 536 478 583 in
501 552 607 586 eam
628 555 731 586 rem
755 542 1025 589 necessario
1050 542 1336 605 capiendum
1358 542 1465 601 fuit,
1501 550 1550 590 et
1573 560 1681 606 quae
1703 545 1800 593 sint

426 612 668 661 societatis
691 615 789 662 sive
812 616 945 678 pacis
973 617 1198 665 humanae
1228 617 1543 676 conditiones,
1579 618 1672 665 hoc
1707 626 1797 679 est,

424 694 611 736 mutato
635 696 825 737 tantum
848 692 1058 749 nomine,
1082 708 1190 755 quae
1213 693 1310 740 sint
1331 699 1518 740 naturae
1534 693 1665 756 leges
1687 694 1797 742 fun-

425 762 736 824 damentales,
761 766 1082 814 ostendemus.

490 845 535 886 2.
571 840 766 899 Eorum,
793 842 875 904 qui
899 841 958 888 de
975 843 1323 905 rebuspublicis
1347 842 1528 905 aliquid
1552 843 1796 906 conscrip-

423 921 604 973 serunt,
629 916 838 962 maxima
859 932 971 978 pars
993 917 1067 963 vel
1094 924 1386 979 supponunt,
1410 918 1487 964 vel
1504 925 1695 980 petunt,
1718 918 1796 966 vel

421 990 685 1051 postulant,
709 991 954 1038 hominem
978 1008 1080 1039 esse
1104 992 1282 1039 animal
1312 999 1479 1055 aptum
1505 992 1701 1040 natum*
1732 992 1796 1040 ad

421 1064 729 1120 societatem3
777 1066 933 1113 Graeci
972 1066 1141 1114 dicunt
1196 1070 1301 1119 Ζῶον
1347 1068 1594 1122 πολιτικὸνς
1642 1083 1796 1130 eoque

419 1137 734 1188 fundamento
765 1141 834 1188 ita
866 1141 1254 1204 superaedificant
1285 1142 1557 1190 doctrinam
1586 1142 1793 1202 civilem,

469 1292 492 1313 *
511 1290 651 1340 Aptum
665 1293 806 1335 natum,
821 1291 913 1339 eta]
947 1291 1046 1329 Cum
1064 1292 1282 1328 societatem
1306 1291 1404 1328 inter
1421 1291 1592 1328 homines
1609 1296 1698 1328 actu
1709 1290 1791 1342 jam

419 1350 661 1386 constitutam
669 1362 680 1396 3
694 1363 782 1387 cum
795 1356 901 1389 extra
919 1352 1136 1389 societatem
1148 1352 1273 1388 vivere
1288 1352 1494 1396 neminem;
1512 1364 1599 1389 cum
1613 1357 1792 1401 appetere

418 1422 661 1459 congressum
680 1415 719 1447 et
736 1411 923 1460 colloquia
941 1418 1074 1449 mutua
1092 1425 1221 1449 omnes
1247 1413 1439 1449 videamus
1455 1429 1465 1457 ς
1498 1413 1594 1450 mira
1616 1413 1792 1462 quaedam

416 1470 536 1507 videri
553 1475 678 1519 potest
695 1472 893 1520 stupiditas
911 1472 949 1508 in
968 1473 1050 1521 ipso
1068 1472 1250 1509 doctrinae
1280 1472 1398 1509 civilis
1421 1472 1549 1509 limine
1574 1472 1789 1523 hujusmodi

415 1531 685 1568 offendiculum
702 1531 914 1582 legentibus
943 1545 1146 1582 opponere,
1165 1533 1344 1570 hominem
1364 1532 1415 1570 ad
1431 1533 1640 1570 societatem
1658 1538 1787 1586 aptum

413 1595 544 1628 natum
563 1604 637 1628 non
653 1604 737 1628 esse.
798 1591 933 1643 Itaque
962 1593 1184 1642 explicatius
1202 1593 1403 1630 dicendum
1421 1598 1489 1630 est.
1542 1593 1686 1631 Verum
1704 1596 1788 1644 qui-

414 1652 502 1689 dem
533 1665 613 1689 esse
645 1653 787 1690 homini
817 1667 886 1703 per
912 1660 1096 1699 naturam,
1111 1655 1189 1692 sive
1217 1660 1402 1704 quatenus
1433 1659 1488 1692 est
1512 1655 1635 1700 homo,
1653 1656 1692 1692 id
1719 1662 1787 1702 est,

412 1713 538 1750 statim
568 1718 682 1763 atque
714 1719 771 1751 est
800 1720 921 1760 natus,
948 1716 1190 1753 solitudinem
1221 1720 1442 1765 perpetuam
1472 1715 1667 1753 molestam
1693 1730 1785 1755 esse.

412 1773 513 1812 Nam
527 1774 688 1813 infantes
706 1776 754 1813 ad
772 1777 986 1822 vivendum,
1005 1777 1124 1814 adulti
1141 1768 1190 1814 ad
1208 1777 1304 1814 bene
1323 1776 1525 1814 vivendum
1539 1775 1697 1814 aliorum
1714 1790 1786 1828 ope

411 1836 592 1886 indigent.
647 1836 781 1887 Itaque
807 1836 979 1876 homines
1008 1838 1169 1876 alterum
1201 1837 1354 1875 alterius
1381 1850 1625 1887 congressum
1650 1842 1786 1876 natura

411 1902 571 1946 cogente
601 1903 778 1946 appetere
809 1910 883 1935 non
912 1911 1020 1949 nego.
1077 1898 1283 1936 Societates
1310 1902 1436 1935 autem
1461 1898 1587 1935 civiles
1605 1910 1680 1935 non
1698 1903 1787 1936 sunt

411 1958 505 1995 meri
524 1970 756 2008 congressus,
776 1960 841 1996 sed
859 1959 1014 2004 foedera,
1034 1960 1173 2009 quibus
1191 1959 1373 1996 faciendis
1398 1958 1492 1996 fides
1521 1966 1559 1996 et
1583 1964 1695 2008 pacta
1721 1971 1785 1996 ne-

411 2019 571 2056 cessaria
588 2024 688 2056 sunt.
742 2019 907 2063 Horum,
926 2021 973 2057 ab
992 2021 1199 2058 infantibus
1214 2020 1366 2069 quidem
1386 2024 1424 2057 et
1441 2019 1613 2065 indoctis,
1628 2020 1707 2065 vis;
1734 2020 1784 2058 ab

409 2079 455 2116 iis
473 2085 611 2124 autem,
630 2081 698 2130 qui
717 2081 939 2118 damnorum
957 2094 980 2118 a
998 2081 1149 2118 defectu
1168 2081 1356 2118 societatis
1381 2081 1566 2130 inexperti
1591 2086 1692 2124 sunt,
1709 2082 1783 2118 uti-

408 2140 493 2177 litas
512 2141 729 2190 ignoratur:
758 2142 858 2178 unde
875 2142 919 2179 fit
946 2147 988 2179 ut
1006 2142 1070 2185 illi,
1098 2142 1187 2191 quia
1202 2142 1295 2191 quid
1313 2142 1360 2178 sit
1377 2142 1534 2179 societas
1552 2153 1627 2178 non
1646 2141 1783 2178 intelli-

408 2206 515 2251 gunt,
535 2214 618 2239 eam
637 2202 731 2240 inire
750 2215 826 2239 non
847 2203 1014 2252 possint;
1041 2203 1094 2246 hi,
1113 2203 1203 2252 quia
1220 2203 1394 2240 nesciunt
1411 2201 1503 2252 quid
1519 2201 1684 2250 prodest,
1702 2214 1779 2239 non

409 2268 554 2300 curent.
606 2262 856 2301 Manifestum
888 2277 979 2314 ergo
1011 2269 1067 2301 est
1099 2275 1230 2301 omnes
1259 2263 1442 2307 homines,
1478 2274 1565 2300 cum
1595 2262 1670 2298 sint
1700 2262 1779 2299 nati

407 2323 581 2369 infantes,
610 2324 659 2361 ad
690 2326 906 2362 societatem
935 2326 1084 2375 ineptos
1115 2330 1223 2362 natos
1255 2337 1333 2362 esse
1349 2338 1358 2361 :
1386 2336 1454 2373 per
1484 2321 1622 2360 multos
1653 2322 1778 2367 etiam,

407 2383 565 2422 fortasse
594 2386 786 2435 plurimOS,
805 2387 865 2424 vel
893 2388 1027 2424 morbo
1060 2386 1186 2430 animi,
1215 2386 1274 2423 vel
1296 2384 1447 2422 defectu
1473 2382 1691 2432 discipliuae,
1710 2395 1779 2431 per

407 2458 557 2483 omnem
577 2447 691 2484 vitam
709 2448 855 2497 ineptos
879 2460 1044 2484 manere.
1098 2447 1254 2484 Habent
1281 2452 1406 2483 tamen
1431 2445 1484 2482 illi
1510 2449 1589 2482 tam
1614 2442 1777 2480 infantes

406 2519 519 2556 quam
532 2507 650 2545 adulti
665 2513 837 2545 naturam
852 2509 1066 2545 humanam.
1110 2506 1176 2544 Ad
1190 2507 1407 2544 societatem
1422 2516 1513 2554 ergo
1527 2504 1640 2540 homo
1654 2508 1776 2552 aptus,

405 2580 481 2605 non
500 2574 644 2613 natura,
660 2569 726 2606 sed
739 2567 936 2618 disciplina
953 2568 1075 2606 factus
1089 2572 1157 2605 est.
1211 2567 1329 2604 Porro
1343 2565 1490 2603 tametsi
1501 2577 1546 2602 ea
1559 2564 1776 2602 conditione

405 2634 514 2666 natus
538 2635 635 2667 esset
666 2630 779 2667 homo
806 2635 848 2667 ut
866 2630 1084 2667 societatem
1112 2632 1314 2677 appeteret,
1334 2639 1410 2663 non
1427 2625 1596 2675 sequitur
1614 2622 1775 2662 eundem

404 2690 458 2726 ita
475 2695 605 2727 natum
624 2703 714 2734 esse,
730 2695 772 2727 ut
789 2690 958 2728 societati
975 2689 1149 2727 ineundae
1167 2689 1215 2725 sit
1232 2687 1399 2724 idoneus.
1452 2685 1540 2723 Alia
1557 2697 1616 2722 res
1635 2690 1692 2722 est
1709 2697 1775 2734 ap-

403 2756 542 2799 petere,
561 2751 634 2787 alia
652 2763 828 2800 capacem
847 2763 938 2788 esse.
993 2750 1191 2799 Appetunt
1221 2748 1320 2786 enim
1351 2747 1414 2791 illi,
1439 2747 1505 2796 qui
1527 2750 1654 2782 tamen
1684 2758 1773 2783 con-

404 2811 563 2848 ditiones
583 2824 722 2862 aequas,
739 2813 819 2849 sine
833 2812 971 2861 quibus
988 2812 1147 2850 societas
1165 2822 1245 2848 esse
1268 2820 1343 2846 non
1362 2812 1496 2857 potest,
1515 2807 1686 2855 accipere
1704 2819 1773 2856 per

403 2873 617 2921 superbiam
635 2886 711 2911 non
730 2873 944 2923 dignantur.

1995 3169 2007 3262 mama-¹
2011 3101 2014 3105 ⁴
2011 3059 2020 3067 ³
1990 3041 1996 3050 “
2002 2964 2010 2984 <—
1999 2943 2002 2951 <
