1968 3256
199 384 326 417 SECT.
347 386 395 420 ΙΙ.

279 437 308 466 4.

446 244 508 287 30
957 256 1029 292 DE
1055 258 1294 292 HOMINE.

444 363 586 412 lineae
610 371 771 426 rectae,
795 368 1093 431 pyramidica
1112 391 1124 425 ;
1162 370 1235 417 sin
1260 369 1503 432 objectum
1532 370 1816 419 terminetur

443 439 762 504 undequaque
791 442 842 490 in
867 443 1255 492 circumferentia
1278 444 1459 504 circuli,
1479 461 1660 501 conus3
1696 462 1816 509 quo-

180 531 423 569 Naturapicturoe
441 515 781 580 modocunque
822 525 984 566 autem
1019 520 1260 582 objectum
1288 520 1590 580 terminetur,
1615 521 1815 584 superfi-

176 576 362 611 perspectivae
374 577 406 604 iu

178 626 235 654 quo
249 619 384 648 consistit.

441 591 537 639 cies
561 593 647 640 fiet
678 594 968 654 acuminata,
1003 611 1147 658 quam
1169 595 1313 644 liceat
1334 595 1454 643 mihi
1483 595 1576 643 hoc
1598 595 1706 644 loco
1729 612 1814 660 ap-

436 667 617 730 pellare
640 669 1000 732 pyramidicam.

502 743 816 792 Manifestum
839 745 952 793 hinc
977 752 1065 805 est,
1087 745 1218 809 quod
1241 745 1281 794 si
1305 745 1410 809 quis
1424 746 1552 794 inter
1570 745 1813 809 objectum

437 819 759 884 quodcunque
784 829 833 868 et
848 821 1040 869 oculum
1056 821 1256 885 planum
1279 822 1485 870 erexerit
1503 822 1810 885 diaphanum,

435 895 570 957 cujus
595 896 871 959 superficies
896 896 1049 945 divisa
1084 897 1145 944 sit
1166 897 1218 944 in
1249 897 1388 945 valde
1422 897 1600 945 multas
1633 898 1813 961 figuras

434 971 765 1032 particulares,
785 972 1061 1035 quadratas,
1077 969 1412 1035 triangulares,
1427 973 1503 1021 vel
1519 973 1812 1036 hexagonas,

439 1046 864 1110 observaveritque
881 1055 1064 1111 puncta
1080 1048 1206 1096 illius
1226 1048 1453 1111 diaphani
1474 1064 1561 1111 per
1583 1065 1692 1113 quae
1715 1049 1812 1097 sin-

434 1122 536 1184 guli
577 1123 637 1170 ab
676 1123 815 1172 oculo
850 1124 972 1172 radii
1007 1124 1070 1172 ad
1104 1125 1345 1187 obJectum
1384 1131 1651 1184 transeunt,
1678 1124 1810 1189 quod

430 1197 572 1245 facile
591 1215 681 1262 ope
696 1199 804 1246 talis
821 1199 1068 1248 divisionis
1085 1199 1191 1246 fieri
1205 1206 1382 1263 potest,
1392 1200 1542 1262 eaque
1555 1199 1607 1248 in
1624 1200 1807 1260 charta,

431 1288 537 1335 quae
560 1273 744 1322 habens
769 1275 974 1322 similem
994 1275 1295 1339 superficiem
1326 1275 1543 1324 similiter
1566 1275 1712 1324 etiam
1735 1275 1808 1324 di-

428 1349 622 1408 viditur,
649 1349 906 1413 diligenter
927 1351 1185 1410 notaverit,
1209 1350 1454 1414 lineasque
1485 1367 1515 1399 a
1536 1358 1719 1414 puncto
1742 1351 1806 1400 ad

426 1431 663 1487 punctum
678 1425 990 1474 conformiter
1007 1426 1070 1474 ad
1091 1426 1242 1474 lineas
1260 1426 1386 1474 visas
1403 1426 1455 1474 in
1473 1427 1663 1490 objecto
1684 1426 1805 1476 dux-

429 1498 554 1555 erit;
591 1500 675 1547 fiet
716 1502 1082 1564 repraesentatio
1117 1501 1308 1564 objecti,
1343 1502 1395 1549 in
1423 1502 1506 1550 1110
1538 1502 1683 1565 plano
1719 1518 1804 1567 ap-

426 1589 616 1636 parens,
643 1574 816 1623 tabula
840 1576 941 1639 ejus
956 1577 1294 1641 perspectiva,
1330 1577 1381 1625 id
1416 1584 1503 1637 est,
1526 1578 1684 1641 figura
1705 1578 1800 1639 illa,

428 1664 535 1712 quae
559 1651 612 1698 in
636 1651 854 1699 chartam
874 1653 1164 1715 transcripta
1181 1660 1270 1712 est,
1295 1653 1462 1701 similis
1495 1653 1588 1701 erit
1610 1654 1801 1716 objecto

427 1732 645 1788 spectato
669 1742 756 1789 per
788 1727 986 1790 planum
1026 1727 1223 1790 aliquod
1255 1727 1594 1791 interpositum
1627 1745 1801 1793 corpus

428 1800 735 1864 diaphanum.
807 1802 944 1850 Idem
977 1802 1083 1851 fieri
1105 1810 1266 1866 potest
1289 1803 1481 1867 quando
1506 1805 1749 1868 objectum
1771 1823 1801 1854 a

423 1882 562 1939 tergo
588 1885 660 1925 est
681 1877 854 1925 eodem
878 1879 1022 1927 modo
1046 1895 1133 1943 per
1155 1880 1485 1929 reflectionem
1508 1897 1538 1928 a
1556 1881 1764 1944 speculo.

491 1953 605 2000 Sine
628 1954 722 2001 hoc
741 1955 947 2003 artificio
966 1971 1161 2003 necesse
1185 1963 1258 2004 est
1278 1963 1334 2003 ut
1350 1956 1407 2015 is,
1428 1955 1511 2019 qui
1522 1957 1799 2019 hujusmodi

421 2027 660 2090 picturam
673 2030 855 2092 primus
875 2031 1102 2092 ostendit,
1121 2040 1206 2079 aut
1229 2032 1544 2095 geometriam
1559 2031 1796 2093 didicerit,

424 2119 519 2166 qua
548 2106 784 2153 sectiones
822 2123 1069 2166 concrum,
1111 2108 1383 2156 conoeidzzn
1414 2115 1464 2156 et
1493 2107 1797 2171 pyramidum

422 2180 575 2227 omnis
599 2182 788 2244 generis
811 2182 864 2229 in
887 2183 1055 2230 charta
1090 2183 1315 2231 exhibere
1350 2182 1614 2231 secundum
1643 2191 1797 2232 artem

420 2256 648 2317 potuerit,
686 2256 815 2318 quod
855 2263 930 2304 est
966 2257 1312 2317 difficillimum,
1351 2258 1429 2306 vel
1451 2258 1603 2306 multa
1635 2259 1795 2307 minus

422 2338 643 2378 accurate
667 2332 799 2395 picta
821 2332 873 2380 in
907 2333 1072 2381 tabula
1105 2334 1375 2396 relinquere
1399 2340 1592 2382 coactus
1630 2333 1792 2394 fuerit,

421 2423 528 2469 quae
551 2414 714 2456 tamen
757 2407 1090 2472 imperitorum
1125 2426 1377 2459 censuram
1407 2410 1616 2473 effugere
1649 2418 1794 2474 potu-

419 2489 573 2530 erunt.
1463 2545 1466 2548 Δ

485 2559 730 2622 Praecepta
755 2560 1070 2623 perspectivae
1092 2577 1192 2609 non
1215 2567 1288 2609 est
1309 2560 1450 2624 hujus
1467 2559 1563 2608 loci
1575 2560 1790 2616 tradere3

420 2642 532 2681 sunt
555 2636 698 2694 enim,
729 2635 823 2684 nisi
848 2637 978 2700 quod
1012 2644 1198 2701 spectat
1230 2636 1292 2685 ad
1322 2636 1591 2684 claritatem
1622 2643 1672 2684 et
1706 2637 1791 2684 ob-

423 2711 717 2771 scuritatem,
746 2728 853 2774 quae
889 2713 1078 2762 diversa
1111 2714 1163 2761 in
1198 2712 1395 2761 diversis
1430 2712 1684 2775 cujuslibet
1707 2712 1792 2760 ob-

417 2786 536 2848 jecti
575 2787 794 2849 partibus
830 2788 1128 2848 observatur,
1153 2803 1272 2852 pure
1305 2787 1613 2851 geometrica.
1682 2788 1791 2836 Hoc

417 2859 527 2910 loco
563 2861 615 2910 id
651 2878 759 2927 ag0,
795 2870 851 2914 ut
890 2881 1001 2915 cum
1039 2865 1205 2916 tabula
1241 2863 1445 2929 picturae
1477 2864 1791 2928 perspectivae
