2020 3262
585 218 867 257 PRAEFA'rm
894 218 967 252 AD
995 218 1291 252 LEc'ronns.
1606 210 1699 253 149

180 341 235 402 et
256 352 435 415 quibus
458 353 523 401 ad
545 353 885 402 stabiliendam
902 369 1074 417 pacem
1091 353 1367 401 necessario
1389 354 1702 408 concedenda

181 457 312 510 sunt,
336 450 388 499 id
422 459 513 511 est,
538 468 647 515 quae
681 452 779 499 sint
811 451 1017 499 rationis
1052 449 1317 497 dictamina
1340 464 1397 496 ea
1430 465 1538 511 quae
1569 450 1701 514 leges

179 552 426 601 naturales
448 552 682 616 appellari
709 552 906 616 proprie
929 559 1150 616 possunt,
1170 550 1360 614 explico
1382 557 1433 597 et
1451 551 1701 600 confirmo.

179 653 344 716 Atque
350 652 457 700 haec
472 659 587 700 sunt
599 651 652 699 in
659 667 718 699 ea
729 658 869 715 parte
876 651 989 700 libri
1004 667 1114 715 quae
1128 649 1410 698 inscribitur
1422 663 1700 698 LIBERTAS.

248 751 342 800 His
362 751 660 810 constitutis,
684 751 890 800 ostendo
916 751 1035 815 quid
1058 758 1107 799 et
1125 750 1395 814 quotuplex
1424 749 1503 808 sit,
1533 756 1583 797 et
1607 765 1702 813 quo

72 898 103 908 .
178 851 325 905 modo
337 852 426 900 fiat
439 851 626 912 civitas,
634 868 973 916 summumque
989 852 1200 900 civitatis
1214 851 1489 915 imperium,
1498 866 1703 913 quaeque

179 966 211 1003 a
231 949 435 1014 singulis
452 949 729 998 hominibus
748 949 999 998 civitatem
1014 949 1354 997 constituturis
1373 950 1486 1013 jura
1502 948 1555 996 in
1573 964 1703 996 sum-

178 1066 315 1100 mum
332 1050 669 1114 imperantem,
690 1051 790 1100 sive
808 1052 850 1098 is
865 1066 992 1098 unus
1008 1050 1156 1098 homo
1180 1050 1258 1109 sit,
1285 1050 1385 1098 sive
1403 1065 1529 1097 unus
1545 1049 1704 1098 homi-

178 1168 298 1202 num
322 1159 495 1212 coetus,
518 1152 591 1200 ita
611 1152 886 1200 necessario
910 1151 1252 1200 transferenda.
1269 1151 1382 1210 sint,
1406 1157 1463 1199 ut
1486 1150 1582 1199 nisi
1606 1150 1705 1214 sint

178 1253 419 1306 translata
436 1252 606 1301 civitas
622 1253 756 1300 nulla
768 1253 870 1312 fiat,
891 1259 940 1300 et
953 1253 1034 1316 jus
1053 1252 1271 1300 omnium
1285 1252 1338 1299 in
1353 1252 1532 1311 omnia,
1547 1251 1600 1299 id
1614 1257 1703 1311 est,

131 1406 135 1409 ,
173 1354 255 1419 jus
271 1354 388 1402 belli
402 1361 613 1402 maneat.
661 1353 851 1401 Deinde
871 1353 1127 1401 civitatum
1145 1353 1360 1401 diversas
1379 1353 1580 1417 species,
1599 1369 1703 1402 mo-

178 1455 446 1515 narchiam,
471 1455 842 1513 aristocratiam,
864 1454 1230 1513 democratiam,
1251 1454 1522 1502 dominium
1539 1462 1704 1518 pater-

177 1571 312 1615 num,
336 1562 387 1604 et
401 1555 721 1619 despoticum,
746 1554 1025 1618 distingu03
1063 1553 1307 1616 quomodo
1337 1554 1703 1602 constituantur

123 1657 132 1664 '
181 1655 350 1715 doceo,
374 1663 426 1704 et
449 1654 706 1703 commoda
735 1654 1141 1718 incommodaque
1165 1654 1468 1718 singulorum
1491 1654 1622 1703 inter
1652 1671 1704 1703 se

180 1771 427 1820 comparo.
461 1756 717 1814 Praeterea,
737 1770 847 1818 quae
866 1770 944 1802 res
963 1754 1213 1802 civitatem
1233 1753 1504 1814 destruant,
1524 1761 1574 1803 et
1593 1772 1703 1820 quae

181 1857 281 1905 sint
313 1871 558 1904 summum
584 1855 843 1919 imperium
873 1855 1256 1903 administrantis
1285 1856 1460 1915 officia,
1494 1873 1700 1921 expono.

181 1957 449 2017 Postremo,
463 1957 586 2021 legis
600 1964 650 2004 et
666 1956 855 2020 peccati
868 1963 1067 2004 naturas
1084 1956 1288 2020 explico,
1305 1964 1355 2005 et
1368 1957 1526 2020 legem
1542 1974 1571 2006 a
1586 1975 1702 2016 con-

179 2058 304 2118 silio,
336 2075 367 2107 a
398 2065 560 2122 pacto,
579 2074 610 2106 a
635 2058 745 2122 jure
774 2057 1037 2122 distinguo.
1099 2058 1223 2108 Quae
1255 2059 1419 2108 omnia
1438 2061 1527 2108 sub
1558 2061 1702 2110 titulo

181 2162 406 2198 1111111111
431 2148 761 2196 continentur.

72 2317 73 2320 Ἴ
246 2247 307 2296 Ι11
327 2254 469 2312 parte
494 2247 686 2307 ultima,
705 2247 785 2295 cui
807 2248 1090 2298 inscribitur
1122 2263 1449 2310 REL1G10,ne
1468 2244 1549 2315 jus
1563 2251 1699 2311 illud,

74 2325 80 2348 Γ
151 2361 155 2363 ·
181 2346 316 2410 quod
337 2346 390 2394 in
411 2346 804 2411 praecedentibus
836 2362 1050 2396 summos
1074 2348 1368 2412 imperantes
1386 2349 1438 2397 in
1460 2350 1590 2398 cives
1612 2350 1700 2399 ha-

127 2485 133 2492 ,
179 2446 298 2496 bere
321 2447 595 2495 rationibus
627 2447 1044 2506 confirmaveram,
1070 2447 1335 2510 Scripturis
1354 2447 1504 2495 sacris
1521 2463 1698 2512 repug-

64 2532 67 2536 ’
109 2555 111 2557 ’
179 2561 298 2601 nare
320 2545 598 2601 videretur3
624 2545 829 2593 ostendo
852 2545 1011 2609 primo
1033 2546 1143 2594 loco
1165 2562 1267 2594 non
1279 2562 1554 2610 repugnare
1577 2546 1699 2595 illud

176 2643 278 2708 juri
312 2642 493 2704 divino,
532 2651 773 2708 quatenus
806 2644 1161 2708 imperantibus
1202 2645 1411 2708 imperat
1444 2645 1576 2694 Deus
1609 2662 1699 2709 per

96 2722 107 2727 γη
181 2749 424 2803 naturam,
450 2743 503 2791 id
537 2751 625 2804 est,
649 2760 737 2808 per
772 2744 1038 2793 dictamina
1074 2745 1277 2793 rationis
1300 2745 1550 2794 naturalis.
1612 2746 1698 2794 Se-

184 2842 362 2903 cundo,
382 2843 513 2892 idem
536 2861 638 2894 non
660 2861 933 2909 repugnare
952 2846 1053 2909 juri
1077 2846 1258 2905 divino,
1284 2853 1524 2910 quatenus
1546 2845 1699 2910 impe-
