2020 3262
595 225 668 260 DE
694 224 921 260 nomm:
947 224 1206 260 r1c‘r1'r10.
1503 218 1588 262 131

205 337 486 388 id‘faciunt.
555 337 804 403 Quicquid
825 353 943 402 ergo
965 337 1086 386 facit
1115 337 1289 400 aliquis
1311 337 1363 385 in
1385 353 1595 401 persona

205 415 327 480 eJus,
354 415 439 479 qui
460 414 803 480 repraesentari
837 414 898 462 ab
932 429 991 462 eo
1025 429 1127 461 non
1162 413 1284 472 vult,
1312 414 1420 477 ipsi,
1444 414 1496 462 id
1521 422 1595 464 est

205 492 364 540 actori
387 492 493 551 soli,
520 492 805 557 imputatur.
843 489 942 539 Sed
961 489 1096 552 quod
1114 489 1322 553 jubente
1345 490 1441 537 alio
1456 490 1592 550 facit,

204 575 346 616 actus
365 568 582 632 jubentis
609 583 800 632 semper
822 573 914 624 est,
939 565 1027 614 sed
1054 565 1319 629 aliquando
1345 565 1493 613 etiam
1517 582 1594 613 re-

203 644 563 708 praesentantis,
587 643 640 691 id
675 651 768 702 est,
791 642 1048 706 utriusque
1085 648 1193 689 tum
1228 641 1449 689 authoris
1486 649 1594 689 tum

203 719 399 768 actoris.
467 719 666 767 Author
705 719 837 766 enim
881 724 1090 765 vocatur
1122 717 1183 777 2⁰8,
1223 717 1311 782 qai
1350 716 1594 765 actionem

202 809 351 860 quam
349 795 500 860 facit
514 795 646 843 alius
651 810 756 860 pro
763 811 856 843 saa
870 793 1058 842 habere
1070 809 1127 841 se
1140 793 1267 842 velle
1283 792 1593 841 declaravit:

202 877 255 919 et
288 870 373 934 qui
411 870 463 918 in
511 870 898 934 possessionibus
948 869 1189 927 dominu-5,
1225 869 1279 917 in
1316 869 1593 917 actionibus

202 945 386 994 author
425 947 715 1010 appellatur.
798 947 972 1009 Itaque
1017 945 1369 993 authoritatem
1413 945 1594 993 habere

188 1019 449 1086 dicuntur,
474 1022 559 1086 qui
595 1022 714 1086 quid
736 1023 848 1086 jure
871 1022 1061 1070 faciunt
1084 1021 1259 1069 alieno.
1330 1021 1439 1069 Nisi
1463 1021 1594 1069 enim

201 1096 261 1156 is,
293 1097 378 1161 qui
418 1098 598 1146 author
633 1105 723 1157 est,
750 1100 830 1162 jus
867 1098 1046 1148 habeat
1081 1097 1262 1162 agendi
1296 1097 1416 1161 ipse,
1455 1104 1595 1145 actor

201 1171 381 1237 agendi
417 1174 768 1222 authoritatem
806 1191 907 1222 non
951 1174 1117 1222 habet.
1188 1174 1361 1238 Itaque
1402 1173 1444 1221 si
1485 1173 1593 1236 quis

201 1264 314 1299 cum
336 1256 504 1299 actore
526 1250 805 1314 paciscatur
818 1251 897 1299 vel
921 1257 1231 1298 contractum
1251 1265 1593 1313 quemcunque

132 1355 134 1357 -
199 1323 388 1385 fecerit,
409 1327 602 1375 nescius
633 1342 698 1375 an
732 1327 1083 1376 authoritatem
1105 1327 1285 1374 habeat
1307 1342 1478 1384 necne,
1504 1341 1592 1373 suo

83 1398 85 1404 ⁴
132 1410 136 1413 ’
198 1401 419 1466 periculo
441 1401 494 1450 id
515 1402 653 1452 facit.
725 1402 874 1452 Quod
897 1402 938 1451 si
962 1402 1072 1465 quis
1098 1401 1299 1450 alterius
1318 1402 1458 1464 jussu
1478 1416 1594 1464 pec-

200 1484 299 1536 cat,
331 1483 541 1541 uterque
580 1485 769 1542 peccat,
808 1477 926 1542 quia
963 1484 1140 1525 neuter
1170 1478 1283 1540 jure
1312 1477 1464 1533 fecit;
1499 1475 1596 1524 nisi

201 1552 331 1602 forte
367 1554 541 1603 civitas
575 1555 797 1620 jusserit,
839 1554 912 1602 ita
950 1561 1008 1602 ut
1052 1569 1280 1601 recusare
1318 1560 1458 1601 actor
1492 1567 1596 1600 non

200 1627 392 1678 debeat.

268 1711 316 1754 3.
352 1699 480 1754 Item
501 1705 554 1754 in
577 1705 936 1770 sponsionibus,
957 1721 1165 1769 sponsor
1180 1721 1440 1768 personam
1464 1705 1592 1753 illius

127 1775 130 1778 ’
200 1779 363 1829 induit
397 1797 487 1844 pro
527 1797 624 1844 quo
663 1781 888 1845 spondet.
955 1781 1085 1829 Nam
1113 1780 1244 1839 fidei,
1271 1797 1419 1844 quam
1444 1780 1593 1829 habet

199 1855 486 1919 promissori
519 1856 559 1905 is
583 1857 667 1921 qui
692 1857 865 1916 credit,
889 1856 1068 1905 author
1091 1866 1181 1916 est,
1212 1858 1451 1921 jubetque
1487 1873 1594 1905 cre-

201 1931 318 1980 dere
342 1947 430 1981 suo
454 1932 605 1997 ipsius
629 1934 876 1997 sponsoris
898 1933 1135 1997 periculo·
1173 1934 1317 1982 Unde
1335 1934 1594 1998 fidejussor

200 2007 396 2056 dicitur.

268 2084 444 2148 Neque
482 2083 641 2132 solum
681 2085 829 2133 homo
867 2085 1126 2150 singularis
1169 2085 1382 2133 hominis
1428 2085 1594 2149 singu-

199 2159 332 2220 laris,
376 2160 463 2208 sed
503 2160 654 2209 etiam
693 2177 820 2209 unus
861 2161 1145 2221 multorum,
1184 2169 1234 2210 et
1269 2161 1412 2210 multi
1447 2162 1593 2210 unius

197 2251 460 2300 personam
505 2253 675 2300 gerere
714 2244 936 2300 possunt.
1025 2237 1078 2286 Si
1114 2238 1245 2286 enim
1282 2237 1594 2286 consentiant

155 2364 158 2367 ,
198 2311 421 2361 homines
438 2312 603 2376 plures
626 2319 696 2372 ut,
718 2312 953 2377 quicquid
975 2313 1150 2361 fecerit
1171 2329 1297 2361 unus
1321 2313 1496 2378 aliquis
1515 2312 1594 2361 vel

200 2396 359 2437 coetus
384 2404 445 2436 ex
467 2388 706 2452 pluribus,
725 2388 777 2436 id
801 2405 853 2436 se
875 2405 966 2452 pro
986 2389 1183 2437 actione
1206 2389 1593 2453 uniuscujusque

199 2463 416 2528 ipsorum
436 2464 692 2512 habituros
715 2480 833 2523 esse,
859 2464 952 2512 erit
972 2465 1305 2529 unusquisque
1329 2465 1594 2524 actionum,

201 2555 322 2603 quas
344 2540 386 2588 is
407 2540 556 2588 homo
579 2540 658 2587 vel
683 2546 839 2587 coetus
862 2539 1024 2599 faciet,
1049 2541 1255 2596 auth0r3
1297 2556 1455 2604 neque
1475 2556 1593 2604 ergo

200 2615 445 2664 actionem
468 2616 619 2664 ullam
642 2615 837 2664 illorum
861 2632 1089 2664 accusare
1121 2623 1301 2680 potest,
1326 2617 1446 2680 quin
1471 2617 1595 2681 seip-

201 2705 309 2740 sum
331 2699 543 2741 accuset.
580 2693 707 2740 Item
726 2708 868 2755 reges
887 2708 1055 2740 omnes
1079 2699 1129 2740 et
1153 2692 1407 2741 civitatum
1433 2694 1594 2756 cujus-

201 2781 394 2832 cunque
423 2768 617 2832 generis
635 2776 853 2816 rectores
874 2768 1065 2827 summi,
1086 2768 1126 2816 si
1146 2768 1399 2816 dominum
1418 2785 1595 2833 agnos-

202 2851 318 2892 cant
339 2844 514 2904 Deum,
538 2845 631 2893 Dei
653 2860 915 2909 personam
936 2851 1131 2909 gerunt.
1191 2845 1456 2909 Speciatim
1477 2862 1594 2894 vero

1383 2938 1419 2970 K
1444 2933 1462 2962 2

1644 361 1771 394 SECT.
1791 362 1842 394 11.
1876 378 1879 381 ·

1721 414 1771 444 15.

1612 1713 1739 1750 Sponsor
1751 1713 1812 1742 sive

1610 1756 1765 1795 fidejussor
1778 1756 1857 1795 quid.
