2020 3262
267 259 342 293 nn
367 259 510 293 JURE
538 258 691 302 EJUS,
717 257 812 291 0111
841 256 1092 290 SUMMUM
1120 257 1427 291 IMPEmUM.
1479 248 1575 291 225

179 370 252 420 ita
285 371 530 420 voluntati
564 369 775 419 civitatis
812 367 1036 432 subjecit,
1068 375 1125 415 ut
1148 367 1387 431 quidlibet
1423 369 1579 432 possit
1619 385 1748 424 suffr,
1768 392 1838 425 111,

180 446 587 512 impunefacere,
604 446 745 512 leges
761 444 990 500 condere,
1008 443 1126 492 lites
1128 443 1388 507 judicare,
1395 461 1580 508 poenas
1716 443 1747 473 ⁶·

179 537 391 582 sumere,
414 521 607 571 viribus
629 528 680 569 et
702 519 880 586 opibus
904 519 1124 568 omnium
1146 535 1236 568 suo
1259 519 1464 567 arbitrio
1487 521 1578 578 uti,
1597 534 1701 585 emen
1716 545 1734 564 a
1749 537 1862 565 civibus

178 605 329 662 atque
346 598 452 647 haec
471 597 636 646 omnia
650 597 760 661 jure
779 616 792 652 ;
828 611 944 643 sane
962 595 1220 659 imperium
1243 594 1290 643 ei
1313 595 1580 642 maximum
1595 587 1771 656 ffllffiusst'c,
1783 581 1863 608 ”hm

179 673 314 739 quod
337 674 543 724 concedi
563 679 742 738 potest,
767 671 1026 720 concessit.
1111 671 1252 719 Idem
1277 670 1581 735 experientia

176 766 268 815 per
290 760 460 799 omnes
483 749 721 809 civitateS,
746 764 856 812 quae
880 754 995 796 sunt
1021 747 1100 796 vel
1121 747 1323 795 fuerunt
1345 763 1578 810 unquam,

177 825 461 875 confirmari
494 833 676 890 potest.
747 824 1061 887 Quamquam
1106 823 1238 872 enim
1284 823 1579 887 quandoque

178 902 435 952 dubitetur
457 901 571 966 quis
594 901 749 960 homa,
773 900 852 948 vel
874 900 1012 964 quod
1031 898 1309 959 concilium,
1335 914 1579 947 summum

177 978 230 1028 in
249 978 448 1027 civitate
470 977 730 1041 imperium
753 977 948 1036 habeat,
975 975 1166 1024 exsistit
1192 983 1358 1024 tamen
1382 991 1575 1038 semper

170 1061 230 1103 et
255 1061 513 1103 exercetur
535 1053 634 1102 tale
656 1053 933 1116 imperium,
956 1052 1050 1100 nisi
1068 1060 1290 1116 tempore
1326 1051 1579 1100 seditionis

177 1137 232 1180 et
249 1129 366 1179 belli
389 1129 560 1188 civilis,
579 1137 632 1178 et
667 1136 787 1177 tunc
811 1128 909 1176 duo
931 1129 1058 1176 fiunt
1080 1143 1264 1176 summa
1284 1127 1498 1193 imperia
1518 1144 1579 1176 ex

174 1222 293 1256 uno.
363 1205 592 1255 Seditiosi
614 1221 749 1264 vero,
775 1205 859 1269 qui
882 1212 1059 1253 contra
1092 1204 1368 1252 absolutam
1403 1210 1578 1268 poten-

174 1282 297 1332 tiam
311 1282 549 1331 disserere
573 1282 748 1339 solent,
771 1298 872 1330 non
892 1290 995 1330 tam
1018 1281 1191 1329 tollere
1210 1297 1333 1340 eam,
1359 1297 1508 1344 quam
1525 1281 1577 1328 in

174 1357 296 1407 alios
309 1358 575 1407 transferre
588 1364 832 1422 satagunt.
871 1358 1074 1406 Sublata
1087 1358 1219 1406 enim
1232 1358 1325 1405 hac
1339 1357 1576 1421 potentia,

132 1432 134 1434 ’
174 1450 277 1483 una
288 1434 479 1483 tollitur
496 1434 684 1493 civitas,
701 1441 750 1482 et
766 1434 897 1482 redit
914 1434 1137 1482 confusio
1157 1433 1377 1481 omnium
1395 1449 1574 1481 rerum.

176 1510 303 1559 Cum
339 1511 452 1574 jure
486 1510 712 1559 absoluto
741 1509 919 1558 summi
956 1509 1243 1573 imperantis
1280 1516 1422 1557 tanta
1457 1525 1575 1557 con-

174 1651 308 1703 inique
323 1651 488 1692 faciendi
515 1655 686 1692 animum
705 1655 847 1693 habere
874 1655 1004 1704 possit,
1031 1654 1251 1704 negandum
1276 1665 1352 1691 non
1372 1659 1441 1691 est.
1498 1652 1575 1692 Sed

175 1712 240 1752 fac
253 1719 292 1753 te
306 1714 457 1754 dedisse
472 1716 507 1754 ei
534 1717 738 1766 imperium
757 1730 833 1754 non
853 1716 1081 1761 absolutum,
1102 1716 1168 1753 sed
1195 1720 1383 1765 quantum
1402 1714 1451 1753 ad
1466 1719 1503 1753 te
1519 1715 1575 1764 ip-

173 1786 262 1813 sum
275 1775 325 1813 ab
339 1775 486 1827 injuriis
498 1777 662 1815 aliorum
676 1776 958 1815 defendendum
974 1778 1064 1815 satis
1077 1778 1136 1821 sit,
1147 1777 1250 1827 quod
1262 1781 1305 1814 ut
1319 1777 1396 1822 des,
1410 1776 1440 1814 si
1450 1776 1576 1814 salvus

176 1848 259 1875 esse
282 1837 352 1882 vis,
376 1850 530 1877 necesse
557 1844 638 1883 est;
665 1851 792 1876 nonne
813 1839 946 1876 eadem
965 1839 1094 1876 omnia
1111 1846 1201 1876 sunt
1218 1839 1416 1877 timenda?
1473 1837 1575 1876 Nam

175 1899 244 1950 qui
268 1900 359 1938 satis
385 1898 503 1939 habet
521 1901 660 1938 virium
677 1901 726 1938 ad
755 1914 886 1939 omnes
904 1901 1171 1951 protegendOS‚
1185 1901 1275 1938 satis
1290 1913 1444 1950 quoque
1460 1901 1575 1938 habet

176 1960 227 1998 ad
251 1973 385 1999 omnes
408 1962 692 2012 opprimendos.
749 1962 857 2000 Nihil
880 1975 974 2013 ergo
1004 1961 1067 2000 hic
1089 1962 1178 1999 duri
1202 1967 1270 2007 est,
1298 1968 1438 2012 praeter
1458 1974 1573 2012 quam

173 2022 283 2073 quod
296 2035 357 2062 res
370 2024 549 2062 humanae
563 2025 644 2063 sine
659 2025 903 2062 incommodo
915 2024 1044 2074 aliquo
1060 2037 1140 2062 esse
1155 2037 1231 2062 non
1246 2030 1418 2074 possunt.
1441 2025 1572 2074 Atque

176 2083 251 2122 hoc
275 2085 401 2135 ipsum
419 2086 706 2124 incommodum
731 2099 754 2124 a
778 2086 935 2131 civibus,
951 2098 1028 2124 non
1048 2086 1097 2123 ab
1111 2086 1272 2136 imperio
1298 2091 1366 2123 est.
1421 2085 1522 2123 Nam
1541 2087 1573 2123 si

176 2145 351 2185 homines
368 2148 533 2198 propriis
561 2148 798 2199 singulorum
817 2149 985 2198 imperiis
1000 2161 1135 2199 regere
1160 2161 1200 2186 se
1218 2153 1384 2198 possent,
1401 2148 1475 2186 hoc
1503 2153 1572 2194 est,

174 2208 305 2246 vivere
317 2209 530 2247 secundum
548 2210 650 2261 leges
675 2210 877 2255 naturales,
898 2223 995 2260 opus
1009 2210 1166 2248 omnino
1184 2210 1338 2248 civitate
1365 2222 1442 2248 non
1462 2216 1572 2255 esset,

175 2281 302 2320 neque
316 2272 512 2308 communi
530 2271 692 2322 imperio
711 2272 890 2310 coerceri.

228 2329 432 2382 objiciunt
461 2332 643 2378 secundo,
672 2333 876 2383 imperium
904 2333 943 2371 in
975 2333 1068 2371 orbe
1098 2333 1316 2372 Christiano
1348 2334 1567 2371 absolutum

152 2385 154 2388 ’
174 2392 323 2431 nullum
336 2406 430 2432 esse.
467 2394 583 2437 Quod
598 2400 701 2433 certe
720 2407 797 2432 non
812 2401 870 2432 est
883 2407 1042 2441 verum3
1061 2407 1150 2432 nam
1169 2407 1302 2433 omnes
1321 2396 1567 2442 monarchiae,

173 2455 386 2505 omnesque
403 2454 467 2492 alii
485 2459 607 2493 status
635 2455 833 2493 civitatum
852 2456 946 2494 tales
960 2462 1061 2494 sunt.
1115 2456 1361 2507 Quamquam
1377 2458 1479 2494 enim
1499 2457 1569 2501 illi,

174 2516 243 2567 qui
256 2529 450 2554 summum
467 2517 671 2567 imperium
690 2517 845 2562 habent,
864 2531 940 2556 non
960 2519 1089 2556 omnia
1106 2517 1253 2556 faciunt
1266 2531 1354 2569 quae
1369 2519 1519 2564 vellent,
1535 2526 1574 2558 et

173 2589 263 2628 quo
291 2578 438 2616 civitati
463 2578 574 2616 utilia
599 2591 680 2617 esse
708 2579 847 2623 sciunt,
875 2591 991 2617 causa
1017 2579 1098 2630 ejus
1123 2580 1178 2617 rei
1207 2592 1284 2617 non
1309 2586 1366 2618 est
1399 2580 1573 2619 defectus

166 2637 278 2691 juris,
297 2639 366 2678 sed
383 2640 638 2679 consideratio
657 2641 812 2684 civium,
837 2642 905 2692 qui
931 2642 1090 2691 privatae
1117 2642 1171 2679 rei
1199 2642 1347 2687 attenti,
1376 2648 1415 2680 et
1440 2655 1572 2681 earum

174 2712 303 2739 rerum
321 2714 409 2752 quae
427 2701 478 2740 ad
494 2703 695 2752 publicum
713 2708 889 2752 spectant
907 2703 1042 2754 ignari,
1062 2703 1111 2741 ad
1139 2703 1306 2741 officium
1328 2705 1511 2756 quandoq
1520 2719 1569 2744 ue

173 2761 257 2801 sine
282 2763 455 2813 periculo
482 2764 646 2804 civitatis
675 2765 762 2815 cogi
795 2778 871 2803 non
904 2770 1075 2815 possunt.
1131 2764 1268 2816 Itaque
1299 2767 1492 2817 principes
1521 2768 1571 2806 ab

159 2824 360 2863 ‘exercitio
383 2824 484 2876 juris
501 2816 560 2863 sui
587 2827 779 2864 abstinent
811 2827 1029 2877 aliquando,
1049 2827 1335 2879 prudenterque
1362 2829 1411 2867 de
1439 2841 1480 2868 re
1499 2829 1568 2868 ali-

175 2885 283 2936 quid,
301 2885 449 2937 dejure
466 2896 595 2926 autem
615 2888 707 2925 nihil
729 2889 937 2927 remittunt.

311 2962 434 2997 VOL.
460 2963 519 2997 ΙΙ.
1402 2969 1436 3007 Q
