2020 3262
424 266 485 308 94
920 276 990 309 DE
1018 277 1258 310 HOMINE.

170 405 297 438 εΕοΤ,
317 406 368 441 Π,
423 385 475 432 in
498 385 756 445 abstracto,
781 394 837 434 ut
878 403 997 450 opus
1031 404 1130 435 non
1165 388 1344 435 habeat
1369 387 1645 450 cognitione
1686 390 1795 437 sub-

179 502 186 511 .
248 457 300 488 ¹⁰·
418 460 555 523 jecti,
586 468 643 508 ut
665 462 933 524 geometria
957 468 1006 510 et
1037 462 1371 510 arithmetica:
1408 462 1574 510 mixtae
1595 478 1725 522 vero,
1748 464 1801 513 in

423 550 630 597 quarum
663 537 931 585 rationibus
956 538 1289 585 consideratur
1313 538 1461 585 etiam
1486 538 1692 601 subjecti
1714 539 1800 586 ali-

422 626 518 673 qua
557 612 844 674 proprietas,
893 613 1058 675 quales
1095 619 1208 660 sunt
1247 612 1559 671 astronomia,
1601 613 1798 672 musica,

419 686 634 749 physica,
659 694 709 734 et
725 694 888 750 partes
910 688 1140 750 physicae,
1166 704 1274 750 quae
1293 687 1439 735 variae
1464 703 1568 734 esse
1595 694 1799 750 possunt

419 776 507 823 pro
530 762 764 809 varietate
797 762 1068 825 specierum
1092 769 1142 809 et
1164 762 1377 824 partium
1401 762 1630 809 universi.

486 836 726 884 Praeterea
741 837 940 899 politica
958 845 1007 884 et
1031 837 1206 895 ethica,
1226 837 1278 883 id
1301 846 1373 884 est
1391 836 1592 884 scientia
1597 836 1731 899 justi
1749 844 1800 884 et

420 910 608 972 injusti,
625 912 755 975 aequi
779 920 828 959 et
848 912 1020 976 iniqui,
1039 912 1361 960 demonstrari
1384 929 1413 959 a
1435 912 1597 975 priore
1610 918 1796 975 potest;

418 994 677 1049 propterea
701 987 830 1049 quod
853 988 1107 1051 principia,
1134 988 1307 1050 quibus
1319 988 1510 1049 justum
1535 994 1584 1034 et
1608 1003 1798 1050 oequum

419 1067 468 1107 et
487 1068 673 1119 contra,
699 1062 931 1123 injustum
966 1069 1015 1109 et
1039 1062 1269 1126 iniquum,
1294 1062 1413 1124 quid
1453 1062 1565 1121 sint,
1593 1077 1798 1124 cognos-

419 1135 562 1194 citur,
581 1136 633 1183 id
650 1143 737 1195 est,
753 1137 956 1198 justitiae
975 1153 1157 1195 causas,
1173 1137 1402 1184 nimirum
1419 1137 1550 1199 leges
1566 1144 1615 1183 et
1637 1144 1796 1199 pacta,

417 1211 511 1273 ipsi
542 1211 759 1259 fecimuS.
828 1212 957 1259 Nam
993 1219 1105 1259 ante
1127 1219 1272 1275 pacta
1305 1219 1355 1259 et
1391 1212 1522 1275 leges
1557 1212 1795 1271 conditas,

418 1285 551 1332 nulla
583 1302 740 1349 neque
775 1287 966 1349 justitia
1004 1302 1162 1349 neque
1195 1287 1449 1349 injustitia,
1486 1302 1642 1349 neque
1678 1287 1795 1334 boni

418 1376 576 1422 neque
591 1361 706 1407 mali
723 1361 907 1423 publici
921 1368 1098 1409 natura
1114 1370 1220 1409 erat
1242 1361 1369 1408 inter
1382 1362 1618 1420 homines,
1638 1361 1793 1424 magis

421 1451 566 1496 quam
589 1435 717 1483 inter
739 1436 934 1483 bestias.

948 1734 1162 1782 CAPUT
1197 1735 1285 1781 XI.

446 1840 517 1872 DE
539 1839 810 1873 APPETITU
837 1840 904 1872 ET
931 1840 1092 1884 FUGA,
1119 1840 1378 1875 JUCUNDO
1407 1841 1473 1874 ET
1499 1841 1768 1885 MOLESTO,

838 1907 906 1939 ET
931 1908 1127 1941 EORUM
1156 1907 1367 1941 CAUSIS.

422 1986 455 2020 1.
485 1983 690 2032 Appetitus
708 1988 746 2021 et
772 1983 864 2033 fuga
895 1984 987 2033 quid
1005 1985 1090 2028 sint,
1109 1989 1147 2022 et
1174 1997 1196 2022 a
1215 1985 1352 2034 quibus
1371 1985 1504 2022 causis.
1558 1985 1594 2021 2.
1621 1983 1709 2022 Non
1727 1985 1792 2022 de-

472 2044 638 2092 pendent
655 2057 678 2081 a
696 2049 823 2082 nostro
841 2045 1009 2082 arbitrio.
1074 2049 1110 2083 3.
1138 2046 1341 2095 Appetitus
1359 2046 1526 2083 nascitur
1544 2045 1791 2094 experiundo.

471 2109 508 2143 4.
537 2105 633 2142 Boni
664 2106 817 2142 nomina
850 2106 963 2151 varia,
982 2106 1194 2155 pulchrum,
1221 2107 1446 2157 jucundum,
1474 2106 1576 2143 utile.
1628 2109 1666 2145 5.
1693 2105 1791 2143 Boni

468 2171 506 2203 et
526 2166 615 2203 mali
642 2166 795 2203 nomina
819 2167 946 2204 -adhuc
975 2167 1133 2204 diversa.
1197 2171 1235 2206 6.
1274 2168 1469 2206 Bonorum
1499 2167 1705 2204 maximum
1733 2167 1791 2203 sui

475 2227 614 2275 cuique
635 2227 893 2271 conservati03
920 2228 1126 2264 maximum
1158 2228 1310 2273 malum,
1338 2232 1511 2277 respectu
1525 2231 1681 2272 naturae,
1708 2238 1791 2264 cor-

467 2288 605 2336 ruptio.
671 2288 708 2328 7.
735 2286 903 2324 Divitiae.
968 2290 1005 2325 8.
1035 2287 1240 2337 Sapientia.
1292 2292 1330 2328 9.
1357 2289 1483 2326 Artes.
1549 2290 1609 2326 10.
1637 2286 1789 2324 Literae.

470 2351 531 2386 11.
551 2348 726 2398 Negotia.
769 2351 829 2386 12.
847 2348 1026 2386 ,Iucunda
1037 2361 1135 2398 quae.
1192 2353 1252 2389 13.
1273 2349 1437 2387 Pulchra
1451 2361 1548 2399 quae.
1603 2351 1663 2386 14.
1682 2348 1791 2385 Bona

469 2414 700 2458 comparata.
755 2411 819 2447 15.
847 2408 1045 2446 Summum
1063 2410 1218 2447 bonum.
1250 2437 1254 2440 »

136 2504 330 2554 ΑΡρειῑῳεςι
423 2494 463 2535 1.
499 2488 803 2535 APPETITIO
830 2495 879 2535 et
909 2488 1025 2551 fuga
1053 2505 1082 2536 a
1103 2489 1352 2552 voluptate
1376 2495 1424 2536 et
1447 2487 1667 2535 molestia
1689 2503 1789 2535 non

134 2548 285 2628 {uffifflss
296 2550 400 2619 {2¹35
417 2563 558 2611 aliter
577 2563 823 2621 differunt,
844 2579 988 2626 quam
1006 2563 1280 2612 desiderare
1297 2581 1326 2612 a
1342 2564 1453 2620 frui,
1467 2563 1519 2610 id
1533 2570 1621 2621 est,
1643 2579 1789 2625 quam

414 2638 633 2685 futurum
664 2655 694 2685 a
711 2639 969 2701 praesenti.
1039 2638 1167 2686 Nam
1196 2645 1245 2687 et
1281 2637 1512 2702 appetitio
1547 2637 1788 2700 voluptas,

415 2720 465 2760 et
503 2714 618 2777 fuga
651 2714 873 2761 molestia
906 2721 1007 2769 est3
1043 2714 1129 2762 sed
1164 2714 1246 2761 illa
1288 2730 1315 2760 e
1349 2711 1582 2776 jucundo,
1620 2713 1725 2759 haee
1763 2727 1789 2759 e

416 2788 635 2848 molesto,
660 2789 878 2837 nondum
912 2797 1152 2852 praesente
1175 2789 1260 2837 sed
1280 2789 1485 2852 praeviso
1508 2795 1594 2835 aut
1617 2803 1789 2850 expec-

413 2868 530 2911 tato.
600 2863 838 2927 Voluptas
875 2872 1037 2912 autem
1072 2872 1120 2913 et
1159 2864 1394 2923 molestia,
1420 2863 1510 2911 etsi
1543 2863 1788 2911 sensiones
