2020 3262
511 260 603 303 190
1046 275 1327 316 LIBERTAS'

242 400 372 434 snc'r.
397 401 465 434 111,
503 381 765 446 unicuique
788 385 1028 433 concedat
1052 393 1358 434 coeterorum.
1428 387 1660 451 Alioquin
1682 389 1878 452 aequali-

256 497 261 505 .
341 452 371 483 3·
440 498 445 508 ,
501 463 654 505 tatem
699 459 1006 522 praecedente
1063 462 1268 510 articulo
1317 462 1533 526 agnitam
1579 463 1876 512 frustaneam

500 532 634 581 facit.
706 534 838 583 Quid
871 537 1001 583 enim
1037 537 1168 585 aliud
1208 545 1281 585 est
1317 538 1646 600 aequalitatem
1679 554 1877 602 person-

501 624 640 656 arum
662 625 925 672 agnoscere
943 611 995 658 in
1013 612 1243 660 societate
1261 612 1487 671 ineunda,
1509 629 1654 676 quam
1673 614 1879 677 aequalia

501 683 617 747 ipsis
648 685 878 744 tribuere,
915 702 1037 748 quos
1072 687 1253 749 alioqui
1285 688 1567 735 societatem
1596 688 1719 736 inire
1751 689 1876 737 ratio

499 759 632 807 nulla
649 760 832 823 exigit?
900 761 1150 825 AEqualia
1172 769 1333 810 autem
1349 762 1640 826 oequalibus,
1654 762 1786 811 idem
1802 770 1877 812 est

500 835 631 897 quod
666 836 1080 900 proportionalia
1121 837 1594 901 proportionalibus
1644 837 1873 887 tribuere.

497 911 713 959 Vocatur
746 912 1016 959 observatio
1052 912 1195 975 hujus
1218 911 1338 974 legis
1369 912 1611 960 modestia
1625 931 1644 968 ‚·
1678 913 1875 962 violatio

495 993 660 1034 autem
684 988 930 1042 πλεουεέία;
966 987 1201 1034 violantes
1225 988 1409 1035 Latinis
1434 988 1679 1036 immodici
1708 995 1759 1037 et
1787 989 1874 1037 im-

495 1062 705 1110 modesti
726 1070 1085 1126 nuncupantur.

218 1153 279 1202 nex
299 1155 411 1181 naturae
434 1153 481 1202 de-
570 1144 643 1185 15.
679 1138 880 1186 Decimo
920 1139 1043 1196 loco,
1089 1139 1357 1201 imperatur
1396 1139 1503 1201 lege
1549 1139 1773 1198 naturali,
1819 1147 1874 1188 ut

214 1196 362 1272 ἷζζῗᾏῑῗέ
378 1205 479 1268 cffssffl,
495 1213 827 1277 unusquisque
872 1214 922 1260 in
955 1214 1078 1274 jure
1123 1213 1243 1261 aliis
1290 1213 1631 1261 distribuendo
1675 1215 1874 1279 utrique

212 1282 408 1353 ffissffflffem
418 1291 479 1319 Pe*
483 1288 636 1351 parti
653 1287 887 1352 aequalem
904 1304 958 1335 se
971 1288 1219 1352 praebeat.
1288 1289 1416 1351 Lege
1434 1289 1741 1351 praecedente
1758 1305 1872 1352 pro-

492 1363 701 1411 hibitum
725 1371 812 1420 est,
843 1379 905 1410 ne
929 1365 1069 1412 nobis
1092 1365 1201 1427 plus
1232 1365 1354 1427 juris
1377 1381 1464 1427 per
1487 1367 1713 1413 naturam
1735 1382 1871 1414 arro-

491 1454 676 1501 gemus,
696 1455 841 1501 quam
857 1439 1044 1486 caeteris
1060 1439 1382 1487 concedimus.
1419 1441 1677 1488 Possumus
1694 1441 1869 1500 minus,

492 1514 533 1561 si
568 1513 820 1568 volumus3
879 1514 1059 1561 etenim
1094 1513 1146 1560 id
1181 1514 1440 1577 aliquando
1485 1516 1734 1564 modestice
1778 1525 1868 1564 est.

495 1589 593 1637 Sed
622 1589 662 1636 si
693 1588 887 1651 quando
916 1589 1006 1650 jus
1034 1588 1140 1635 aliis
1165 1588 1552 1636 distribuendum
1576 1607 1605 1638 a
1626 1591 1766 1639 nobis
1790 1592 1868 1650 sit,

489 1664 805 1728 prohibemur
826 1664 919 1711 hac
942 1663 1066 1726 lege,
1090 1679 1152 1710 ne
1174 1663 1261 1710 uni
1282 1663 1390 1726 plus
1423 1664 1501 1711 vel
1527 1665 1687 1713 minus
1710 1665 1869 1714 indu]-

490 1756 690 1803 geamus
713 1755 859 1802 quam
882 1739 1037 1786 alteri.
1107 1738 1236 1786 Nam
1260 1739 1343 1801 qui
1364 1739 1450 1786 uni
1472 1755 1574 1802 prae
1607 1740 1760 1789 altero
1793 1742 1868 1789 in-

490 1815 735 1878 dulgendo
754 1814 1024 1862 naturalem
1038 1814 1365 1877 aequalitatem
1381 1831 1480 1862 non
1498 1816 1736 1875 observat,
1751 1816 1869 1864 facit

490 1891 542 1938 in
572 1907 698 1948 eum,
724 1890 806 1953 qui
829 1889 1133 1952 posthabitus
1157 1897 1244 1948 est,
1271 1890 1625 1938 contumeliam.
1675 1892 1764 1939 Est
1786 1908 1868 1940 au·

490 1972 587 2012 tem
614 1981 760 2028 supra
783 1971 1045 2022 ostensum,
1062 1963 1401 2011 contumeliam
1420 1980 1522 2012 esse
1538 1971 1709 2013 contra
1727 1965 1866 2031 leges

487 2041 761 2088 naturales
816 2039 1052 2102 Praecepti
1073 2039 1217 2102 hujus
1235 2040 1506 2087 observatio
1524 2040 1748 2103 aequitas,
1767 2041 1867 2089 vio-

485 2115 602 2163 latio
641 2115 868 2180 acceptio
891 2129 1240 2178 personarum,
1280 2113 1460 2161 Graecis
1493 2130 1591 2162 uno
1628 2115 1864 2163 vocabulo

488 2191 827 2253 προσωποληψία
856 2189 1141 2252 appellatur.

208 2279 270 2306 Lex
282 2281 396 2307 naturae
407 2289 459 2307 un·
566 2272 639 2313 16.
675 2266 750 2313 Ex
788 2266 897 2327 lege
941 2263 1248 2327 praecedente
1295 2263 1539 2327 colligitur
1582 2264 1861 2324 undecima,

207 2322 329 2356 decima,
348 2323 382 2350 de
401 2323 450 2351 ha-

206 2365 357 2393 bendisin
378 2375 450 2394 com.
486 2359 596 2406 quoe
621 2341 780 2389 dividi
802 2356 897 2387 non
928 2346 1152 2404 possunt,
1179 2339 1507 2397 communiter,
1538 2339 1585 2386 si
1608 2339 1738 2401 fieri
1764 2356 1863 2403 po-

205 2408 297 2436 mum·
487 2423 601 2474 test,
619 2416 804 2464 utenda
828 2431 952 2471 esse,
969 2415 1133 2478 idque,
1153 2414 1199 2460 si
1213 2413 1471 2477 quantitas
1485 2413 1563 2460 rei
1570 2414 1859 2477 permittat,

485 2498 719 2556 quantum
764 2490 972 2554 quisque
1017 2488 1174 2536 velit:
1231 2489 1309 2535 sin
1355 2488 1613 2552 quantitas
1650 2488 1729 2535 rei
1765 2505 1861 2536 non

474 2567 762 2632 permittat,
809 2571 906 2612 tum
950 2563 1223 2628 proeflnitO,
1271 2569 1322 2610 et
1356 2562 1747 2627 proportionate
1792 2564 1865 2611 ad

483 2658 732 2702 numerum
754 2639 1003 2688 utentium.
1072 2639 1229 2686 Aliter
1261 2638 1390 2686 enim
1424 2637 1557 2684 nullo
1590 2637 1736 2685 modo
1760 2654 1861 2686 ser-

482 2718 586 2765 vari
599 2723 764 2780 potest
777 2715 1028 2778 aequalitas
1046 2714 1142 2772 illa,
1153 2730 1312 2776 quam,
1320 2712 1623 2776 praecedente
1637 2712 1859 2772 articulo,

484 2808 513 2839 a
534 2792 641 2854 lege
666 2790 875 2839 naturali
898 2790 1184 2852 imperatam
1208 2804 1309 2836 esse
1340 2787 1790 2835 demonstravimus.

554 2869 627 2920 17.
666 2867 804 2924 Item,
843 2865 883 2912 si
928 2880 1085 2927 neque
1127 2863 1291 2920 dividi,
1332 2878 1489 2925 neque
1537 2863 1859 2911 communiter
