2020 3262
485 233 582 275 396
771 232 773 235 ⁴
1048 247 1295 281 RELIGIO.

220 371 348 404 sec‘r,
371 373 439 406 111.
481 352 713 413 inierunt,
736 355 831 404 1100
855 363 944 416 est,
968 358 1230 407 multitudo
1254 374 1422 406 eorum
1439 358 1524 421 qui
1547 367 1868 422 susceperunt

232 468 237 476 ,
315 424 364 454 ¹⁷·
482 437 838 478 sacramentum
870 432 1112 495 baptismi,
1148 451 1254 498 quae
1299 433 1559 481 multitudo
1593 441 1644 482 et
1665 435 1788 497 jure
1809 436 1866 483 im

199 514 464 565 qudsifecclesia‚
480 521 623 552 unum
647 505 802 554 locum
830 509 1088 556 convocari
1102 509 1274 573 possit
1297 508 1360 557 ab
1384 509 1570 573 aliquO,
1595 516 1646 557 et
1668 526 1725 557 eo
1748 527 1861 559 con—

193 560 464 638 ffissfflffissfu'
478 587 696 640 vocante,
733 582 911 630 adesse
944 599 1105 631 omnes
1145 584 1224 631 vel
1252 599 1356 648 per
1395 599 1449 631 se
1484 584 1565 632 vel
1590 600 1693 649 per
1730 585 1867 634 alios

197 644 343 716 {ssffiffa
361 655 422 683 Per·
477 654 783 720 obligantur.
852 658 981 706 Nam
1004 659 1266 707 multitudo
1295 659 1565 718 hominum,
1590 659 1631 707 si
1655 659 1786 708 coire
1807 661 1860 709 in

475 746 629 778 111111111
652 738 849 791 000111111,
868 734 952 780 11111
970 749 1090 796 opus
1108 741 1198 791 est,
1216 750 1317 781 non
1333 741 1510 796 potest,
1528 751 1627 786 una
1633 751 1864 799 persona·

476 805 683 854 dicenda
711 822 812 854 non
844 814 932 855 est.
1001 807 1238 855 Ecclesia
1270 808 1399 856 enim
1426 825 1585 872 neque
1602 809 1752 872 loqui,
1775 826 1860 859 110-

476 896 569 943 (1110
593 881 870 942 decernere,
893 899 1051 946 neque
1082 883 1251 931 audire
1284 891 1463 947 potest,
1486 884 1581 931 nisi
1609 891 1666 932 ut
1688 891 1858 934 coetus.

477 956 600 1005 Quae
636 974 666 1005 a
702 958 904 1021 singulis
941 959 1074 1007 dicta
1109 967 1238 1018 sunt,
1275 975 1451 1022 nempe
1491 966 1568 1007 tot
1604 960 1860 1008 sententiae

452 1070 458 1077 ⁴.
472 1031 573 1079 fere
627 1041 746 1096 quot
786 1035 960 1097 capita,
1005 1034 1387 1098 unumquodque
1433 1050 1603 1082 eorum
1646 1034 1862 1083 hominis

472 1107 630 1166 unius,
667 1124 767 1156 non
807 1109 1026 1156 eccle-eice
1056 1109 1243 1157 dictum
1279 1116 1366 1158 est.
1436 1110 1587 1158 Porro
1628 1109 1668 1158 si
1703 1118 1862 1159 coetus

471 1182 574 1240 fiat,
599 1183 685 1230 sed
713 1183 924 1242 illicitus,
952 1184 1338 1232 considerabitur
1370 1191 1425 1232 ut
1451 1184 1628 1232 nullus.
1697 1184 1859 1234 Nemo

472 1258 623 1320 igitur
646 1273 830 1317 eorum,
856 1260 939 1321 qui
961 1259 1140 1307 adsunt
1162 1260 1213 1307 in
1236 1259 1466 1318 tumultu,
1491 1259 1688 1307 decreto
1713 1268 1856 1309 00010-

472 1348 640 1379 rorum
689 1333 950 1391 tenebitur,
994 1334 1265 1396 praesertim
1309 1350 1424 1382 vero
1473 1334 1515 1382 51
1560 1334 1855 1383 dissenserit.

472 1407 648 1470 Neque
679 1408 845 1470 itaque
876 1408 1088 1456 ecelesia
1116 1409 1227 1456 talis
1263 1409 1524 1457 decernere
1552 1409 1736 1473 aliquid
1766 1426 1855 1473 po-

470 1490 571 1530 test
587 1504 599 1538 ;
632 1490 738 1530 tum
757 1483 887 1530 enim
905 1483 1165 1532 decernere
1183 1484 1366 1547 aliquid
1383 1484 1646 1533 multitudo
1662 1485 1855 1544 dicitur,

469 1574 582 1605 cum
613 1559 944 1621 unusquisque
976 1559 1173 1607 decreto
1197 1559 1395 1622 majoris
1417 1559 1569 1622 partis
1592 1559 1853 1623 obligatur.

469 1633 678 1696 Oportet
708 1634 859 1696 igitur
889 1634 952 1681 ad
983 1633 1218 1694 eeclesioe,
1243 1634 1322 1682 cui
1346 1633 1542 1696 quidem
1554 1627 1859 1699 personalia

468 1709 743 1768 tribuimus,
791 1709 1124 1757 definitionem
1164 1709 1413 1768 accedere,
1454 1715 1512 1757 ut
1553 1710 1709 1773 possit
1750 1727 1852 1760 non

467 1784 615 1832 modo
645 1785 948 1848 congregari,
979 1773 1146 1832 sed'et
1176 1786 1302 1848 jure.
1371 1785 1628 1843 Praeterea,
1669 1785 1761 1833 etsi
1790 1787 1854 1834 sit

469 1859 555 1921 qui
582 1861 692 1923 jure
730 1868 932 1908 caeteros
963 1867 1215 1919 convocet,
1244 1860 1433 1923 possint
1455 1867 1636 1919 tamen,
1661 1861 1745 1924 qui
1766 1877 1855 1909 vo-

468 1943 658 1995 cantur,
685 1938 795 1999 jure
825 1952 926 1984 non
955 1937 1119 1984 venire
1160 1936 1232 1998 (id
1267 1936 1399 1999 quod
1435 1936 1656 1984 accidere
1689 1943 1855 1999 potest

466 2011 595 2059 inter
634 2012 871 2070 homines,
909 2027 1117 2074 quorum
1150 2011 1272 2060 alius
1313 2011 1396 2059 alii
1434 2027 1534 2059 non
1573 2011 1849 2075 subjicitur)

466 2103 565 2135 non
590 2094 664 2134 051
694 2087 778 2135 illa
811 2086 1023 2134 ecclesia
1036 2103 1264 2152 persona
1287 2103 1401 2135 una.
1471 2087 1601 2135 Nam
1624 2103 1720 2151 quo
1739 2087 1852 2150 jure

464 2161 514 2220 ii,
541 2162 624 2224 qui
654 2162 718 2210 ad
752 2171 943 2225 tempus
979 2169 1027 2210 01
1057 2162 1236 2221 locum,
1270 2177 1367 2225 quo
1399 2168 1652 2218 vocantur,
1676 2177 1850 2210 conve-

463 2237 622 2296 niunt,
650 2253 750 2285 una
777 2237 989 2285 ecelesia
1005 2255 1025 2292 ,·
1060 2236 1231 2285 eodem
1262 2237 1410 2285 etiam
1432 2237 1483 2296 ii,
1508 2236 1592 2300 qui
1614 2236 1677 2284 ad
1699 2236 1848 2285 alium

462 2312 625 2361 locum
661 2329 691 2360 a
727 2328 778 2360 se
816 2312 1138 2360 constitutum
1177 2313 1446 2371 confluunt,
1487 2311 1596 2359 alia
1635 2311 1848 2360 ecelesia

462 2396 550 2436 est.
619 2389 684 2436 Et
712 2388 916 2451 quilibet
951 2387 1328 2435 homodooeorum
1367 2402 1597 2434 numerus
1633 2385 1846 2435 ecelesia

462 2470 563 2518 est;
604 2471 655 2511 01
690 2479 778 2526 per
814 2479 1133 2526 consequens,
1170 2470 1248 2511 tot
1281 2462 1500 2510 eeclesioe
1534 2468 1692 2521 erunt,
1724 2470 1846 2525 quot

462 2546 577 2587 sunt
605 2539 857 2602 opiniones
890 2539 1110 2596 diversae,
1142 2539 1238 2586 hoc
1273 2545 1360 2597 est,
1385 2538 1554 2587 eadem
1583 2536 1844 2586 multitudo

460 2615 713 2662 hominum
753 2615 847 2662 erit
891 2614 1034 2662 simul
1077 2621 1128 2662 et
1171 2630 1270 2661 una
1310 2621 1361 2661 et
1392 2613 1574 2678 plures
1608 2611 1840 2660 eeclesiae.

461 2691 633 2754 Itaque
656 2689 885 2746 ecelesia,
908 2690 1005 2738 nisi
1034 2690 1119 2737 ubi
1153 2696 1288 2737 certa
1317 2695 1368 2737 01
1398 2687 1608 2752 cognita,
1632 2687 1727 2735 hoc
1750 2695 1842 2745 est,

458 2766 679 2829 legitima
706 2773 923 2829 potestas
959 2765 1037 2824 sit,
1065 2781 1154 2829 per
1190 2780 1337 2828 quam
1370 2762 1546 2826 singuli
1572 2777 1660 2825 per
1689 2778 1739 2810 se
1761 2763 1841 2810 vel

458 2857 546 2903 per
579 2841 698 2890 alios
732 2841 784 2889 in
812 2848 943 2889 coetu
976 2840 1144 2890 adesse
1175 2840 1466 2904 obligentur,
1489 2852 1588 2886 una
1613 2853 1714 2886 non
1747 2846 1840 2887 est.
