2020 3262
444 227 533 269 118
951 243 1022 275 DE
1050 244 1292 278 HOMINE.

183 367 313 400 SECT,
330 368 379 401 Η,
436 346 487 394 in
501 349 791 410 paucissima
804 352 952 399 verba
969 353 1276 412 contrahens,
1291 354 1399 401 dico
1413 354 1611 417 ingenia
1624 356 1819 418 quidem

268 419 317 449 ¹3·
376 464 381 474 ,
436 422 566 470 bona
588 439 692 471 esse
724 441 795 483 ea,
820 441 929 488 quae
952 425 1129 475 idonea
1162 436 1277 475 sunt
1308 428 1530 476 societati
1562 429 1691 477 civili
1720 430 1820 478 ine-

436 497 611 554 undae3
637 504 687 546 et
710 516 867 548 mores
890 502 1059 559 bonos,
1083 503 1134 549 id
1158 510 1245 561 est,
1266 504 1470 551 virtutes
1493 504 1713 561 morales,
1737 520 1820 552 eos

437 588 541 621 esse
571 574 744 636 quibus
768 575 891 623 inita
914 576 1096 639 optime
1129 578 1404 625 conservari
1436 585 1612 641 potest.
1693 578 1819 626 Con-

437 649 584 696 tineri
607 657 771 697 autem
795 651 999 699 virtutes
1024 669 1192 700 omnes
1215 654 1267 701 in
1284 654 1476 716 justitia
1494 662 1544 702 et
1567 655 1818 702 charitate.

438 724 582 772 Unde
616 725 822 788 intelligi
855 726 1002 774 etiam
1035 734 1200 790 potest
1235 729 1432 791 ingenia
1464 729 1540 777 his
1575 729 1822 777 contraria

436 815 587 862 prava
605 816 709 848 esse
726 822 737 856 ;
763 807 812 848 et
829 817 988 850 mores
1012 803 1280 851 contrarios
1293 804 1515 866 vitiaque·
1526 804 1688 852 omnia
1706 820 1820 851 con-

437 875 584 922 tineri
607 875 658 922 in
681 875 920 938 injustitia
943 884 994 924 et
1017 878 1178 925 animo
1199 878 1262 926 ad
1279 879 1437 927 aliena
1459 880 1588 927 mala
1608 879 1819 943 stupidO,

439 950 491 997 id
513 957 601 1008 est,
626 951 677 998 in
702 951 896 999 defectu
919 952 1187 1001 charitatis.

941 1282 1155 1330 CAPUT
1188 1273 1322 1330 XIV.

914 1397 984 1429 DE
1024 1397 1350 1430 RELIGIONE.

446 1491 480 1526 1.
522 1488 732 1538 Religionis
765 1489 948 1528 definitio.
1001 1493 1038 1528 2.
1079 1490 1223 1528 Amare
1262 1497 1300 1529 et
1325 1492 1459 1529 timere
1487 1491 1613 1529 Deum
1642 1492 1734 1541 quid
1760 1492 1819 1529 sit.

492 1553 528 1587 3.
550 1550 661 1587 Fides
675 1550 779 1599 quid.
833 1553 871 1588 4.
892 1550 1002 1588 Fides
1017 1552 1205 1600 dependet
1223 1564 1246 1589 a
1263 1552 1422 1602 legibus.
1475 1555 1513 1591 5.
1530 1552 1555 1590 J
1559 1553 1684 1590 ustitia
1697 1565 1719 1590 a
1733 1552 1820 1590 Deo

491 1611 669 1648 cordibus
696 1611 896 1660 insculpta.
949 1614 985 1650 6.
1015 1611 1123 1649 Deus
1149 1618 1307 1662 peccata
1334 1613 1524 1650 remittere
1542 1613 1622 1650 sine
1639 1613 1822 1663 injustitia

491 1678 628 1722 potest,
660 1673 763 1709 nulla
794 1678 928 1710 exacta
956 1686 1081 1722 poena.
1136 1674 1173 1715 7.
1201 1673 1373 1711 Neminis
1401 1686 1517 1723 opera
1534 1673 1638 1724 justa
1664 1679 1822 1723 peccata

490 1739 589 1771 sunt.
643 1736 680 1771 8.
701 1733 835 1771 Cultus
854 1734 1024 1771 definitio
1050 1740 1088 1772 et
1115 1735 1260 1772 divisio.
1313 1738 1351 1774 9.
1372 1734 1506 1773 Cultus
1524 1735 1698 1784 publicus
1716 1735 1820 1785 quid.

493 1798 554 1833 10.
581 1795 716 1832 Cultus
734 1801 872 1844 partes,
897 1807 1040 1843 preceS,
1068 1796 1275 1844 gratiarum
1294 1795 1473 1840 actiones,
1495 1795 1641 1846 jejunia
1656 1796 1820 1845 publica,

491 1856 602 1893 dona.
660 1858 719 1893 11.
748 1855 886 1892 Cultus
903 1856 1151 1904 superstitiosi
1173 1857 1279 1892 varii.
1337 1858 1396 1894 12.
1426 1856 1610 1894 Cultuum
1627 1857 1712 1895 finis
1737 1857 1822 1907 quis

491 1917 712 1954 mortalibus
726 1917 844 1954 futuri
863 1918 993 1954 anxiis.
1051 1920 1112 1955 13.
1142 1918 1239 1960 Quae
1253 1918 1328 1955 sint
1342 1930 1428 1968 quae
1443 1917 1643 1968 religiones
1660 1923 1822 1956 mutant.

197 2016 356 2065 Refisjqnis
446 2012 499 2053 1.-
522 2005 759 2053 Rmmfflo
783 2011 859 2051 est
887 2005 1143 2064 hominum,
1173 2005 1258 2068 qui
1277 2005 1436 2052 Deum
1455 2006 1649 2053 sincere
1671 2006 1820 2053 hono-

198 2059 336 2087 defimtio.
439 2087 574 2138 rant,
599 2080 762 2127 cultus
787 2082 1037 2127 externus.
1088 2081 1247 2128 Deum
1271 2088 1435 2129 autem
1459 2082 1644 2129 sincere
1666 2082 1820 2129 hono-

440 2162 566 2213 rant,
593 2156 676 2218 qui
699 2155 835 2202 illum
853 2171 952 2202 non
971 2156 1118 2203 modo
1143 2156 1363 2214 existere,
1389 2157 1475 2205 sed
1493 2157 1639 2205 etiam
1657 2172 1819 2204 rerum

442 2232 658 2279 omnium
683 2231 1067 2293 omnipotentem
1091 2238 1141 2279 et
1165 2232 1455 2280 omniscium
1478 2238 1747 2280 creatorem
1770 2238 1820 2278 et

440 2314 698 2364 rectorem,
735 2313 784 2353 et
817 2313 1054 2368 praeterea
1086 2323 1250 2354 rerum
1283 2323 1622 2371 prosperarum
1656 2313 1705 2354 et
1733 2307 1819 2354 ad-

440 2398 687 2430 versarum
723 2381 923 2429 arbitrio
960 2398 1047 2429 suo
1083 2382 1448 2430 distributorem
1472 2399 1574 2430 esse
1597 2382 1817 2430 credunt.

442 2459 611 2520 Itaque
634 2457 880 2520 religionis
904 2457 1201 2519 simpliciter,
1224 2457 1275 2504 id
1299 2466 1389 2516 est,
1424 2457 1672 2515 naturalis,
1709 2457 1818 2505 duae

441 2540 554 2580 sunt
575 2539 739 2595 partes
761 2553 772 2587 ;
810 2547 1012 2594 quarum
1038 2532 1192 2579 altera
1216 2540 1289 2580 est
1307 2532 1462 2594 fidae,
1499 2532 1596 2579 sive
1620 2532 1818 2580 credere

440 2610 599 2655 Deum
627 2623 731 2655 esse
756 2615 805 2654 et
828 2607 990 2654 omnia
1019 2608 1307 2670 gubernare,
1343 2607 1496 2654 altera
1529 2614 1604 2654 est
1638 2606 1815 2655 cultus.

441 2683 578 2730 Prior
598 2690 759 2729 autem
791 2698 903 2744 pars
927 2682 1023 2740 illa,
1050 2682 1109 2729 de
1133 2682 1229 2729 fide
1248 2682 1298 2729 in
1322 2683 1495 2741 Deum,
1514 2682 1677 2729 vocari
1695 2683 1819 2731 solet

433 2758 607 2821 pietas
633 2773 748 2820 erga
768 2758 940 2804 Deum.
1012 2757 1139 2804 Nam
1164 2757 1246 2819 qui
1269 2757 1319 2804 id
1343 2757 1511 2815 credit,
1532 2773 1631 2804 non
1654 2765 1819 2820 potest

439 2849 537 2880 non
563 2833 726 2880 conari
750 2833 800 2880 in
824 2834 966 2880 rebus
992 2833 1212 2880 omnibus
1235 2832 1303 2879 illi
1327 2832 1537 2891 obedire,
1574 2849 1730 2895 neque
1748 2833 1817 2880 illi
