2020 3262
605 251 888 286 PRAEFATIO
914 251 987 285 AD
1016 251 1310 286 LECTORES.
1624 244 1715 288 153

199 382 514 436 ‘stratam‘sed
548 388 866 452 probabiliter
887 387 1097 452 positam
1134 403 1238 435 esse
1276 388 1542 445 confiteor;
1579 390 1714 438 omni

195 495 369 537 tamen
393 489 579 537 civitati
600 496 893 553 potestatem
929 504 1167 536 summam
1199 496 1250 536 et
1290 489 1527 551 aequalem
1560 491 1715 539 tribu-

202 588 380 637 endam
402 605 508 638 esse
530 589 712 653 passim
743 596 793 637 et
823 604 1049 652 expresse
1086 588 1210 636 dico.
1277 588 1481 648 Quarto,
1507 589 1567 637 de
1600 590 1715 638 doc-

195 689 343 738 ‘trinis
381 690 737 754 theologorum,
773 697 1101 754 praeterquam
1141 689 1201 737 de
1246 689 1342 737 illis
1389 705 1498 753 quae
1535 690 1716 739 civium

201 777 529 840 obedientiam
566 791 746 840 tollunt
768 797 818 838 et
847 790 1056 839 civitatis
1089 797 1270 839 statum
1303 790 1619 851 labefactant,
1653 808 1716 840 ne

200 889 322 954 quid
350 889 403 937 in
435 890 585 938 ullam
617 897 806 953 partem
831 889 1142 954 disputarem.
1199 891 1464 951 Postremo,
1498 907 1561 939 ne
1599 891 1717 955 quid

197 1005 288 1054 per
314 990 694 1054 imprudentiam
729 991 923 1039 ederem
958 991 1091 1054 quod
1122 991 1255 1040 edito
1281 1007 1403 1055 opus
1434 1008 1534 1039 non
1570 999 1713 1052 esset,

198 1091 266 1152 id,
291 1092 422 1156 quod
454 1093 854 1157 conscripseram,
878 1093 1062 1156 publici
1093 1093 1216 1157 juris
1250 1109 1354 1142 esse
1389 1093 1518 1142 illico
1551 1094 1714 1142 nolui:

201 1175 376 1258 itaque-
403 1194 700 1258 exemplaria
721 1210 877 1258 pauca
898 1194 1128 1258 privatim
1151 1194 1388 1258 impressa
1415 1195 1583 1244 amicis
1618 1195 1713 1243 dis-

197 1294 458 1344 tribuenda
473 1295 655 1355 curavi,
674 1302 730 1343 ut
745 1294 997 1343 sententiis
1021 1295 1227 1343 aliorum
1245 1296 1524 1360 exploratis,
1550 1297 1715 1360 siquae

137 1426 139 1428 v
196 1410 417 1455 erronea,
454 1395 592 1454 dura,
628 1396 896 1443 obscurave
928 1411 1033 1443 esse
1070 1395 1368 1455 viderentur,
1394 1412 1452 1444 ea
1487 1397 1716 1445 emenda-

198 1510 318 1555 rem,
342 1495 581 1544 mollirem
602 1503 750 1560 atque
775 1495 1084 1558 explicarem.

265 1595 516 1644 Acerrime
533 1611 648 1644 vero
671 1581 966 1658 reprehensa
982 1595 1088 1643 haec
1103 1596 1277 1659 reperi,
1295 1595 1428 1659 quod
1445 1595 1716 1658 potentiam

197 1695 390 1744 civilem
406 1695 717 1744 immodicam
739 1695 953 1754 fecerim,
979 1695 1065 1743 sed
1088 1696 1149 1743 ab
1174 1695 1514 1743 ecclesiasticis
1535 1716 1547 1752 ;
1584 1696 1718 1759 quod

196 1795 474 1845 libertatem
492 1796 807 1845 conscientiae
825 1796 1126 1854 abstulerim,
1148 1796 1234 1844 sed
1248 1813 1278 1844 a
1291 1795 1511 1844 sectariis
1532 1817 1544 1852 ;
1581 1796 1714 1859 quod

198 1911 411 1944 summos
446 1896 740 1960 imperantes
763 1895 952 1959 legibus
976 1896 1197 1944 civilibus
1235 1895 1541 1955 exsolverim,
1578 1895 1664 1943 sed
1687 1912 1718 1944 a

196 1995 399 2060 legistis.
423 2060 425 2062 q
471 1997 663 2045 Horum
704 1996 871 2060 itaque
906 1997 1381 2060 reprehensionibus,
1405 2004 1463 2045 ut
1494 1997 1579 2061 qui
1610 2014 1716 2046 rem

196 2111 334 2144 suam
351 2103 520 2160 agunt,
544 2096 637 2144 nisi
659 2102 716 2144 ut
739 2112 822 2144 eos
846 2096 1002 2145 nodos
1024 2097 1199 2145 fortius
1223 2097 1596 2161 adstringerem,
1613 2113 1715 2146 non

193 2211 492 2260 magnopere
530 2197 885 2244 commovebar.
956 2197 1202 2245 Caeterum
1243 2213 1413 2246 eorum
1439 2213 1603 2257 causa,
1629 2198 1715 2261 qui

194 2296 326 2345 circa
347 2296 455 2361 ipsa
467 2296 708 2361 principia
723 2297 986 2356 haeserunt,
1001 2313 1177 2361 nempe
1191 2305 1422 2346 naturam
1439 2299 1714 2358 hominum,

190 2397 272 2461 jus
293 2403 498 2458 naturae,
513 2405 740 2446 naturam
757 2404 1012 2461 pactorum
1030 2404 1079 2446 et
1092 2398 1460 2462 generationem
1483 2399 1712 2460 civitatis,

131 2503 135 2511 ·’
196 2498 429 2563 quoniam
451 2515 552 2548 non
567 2500 770 2547 affectus
794 2499 880 2547 sed
903 2516 1071 2548 sensus
1087 2516 1199 2549 suos
1217 2501 1456 2564 genuinos
1474 2501 1525 2550 in
1547 2518 1714 2566 repre-

147 2632 150 2635 ,
195 2598 457 2648 hendendo
481 2599 672 2662 sequuti
695 2605 824 2658 sunt,
844 2600 1184 2648 annotationes
1209 2601 1502 2664 quibusdam
1523 2602 1576 2651 in
1593 2602 1714 2651 locis

195 2704 368 2770 adjeci,
393 2706 558 2770 quales
590 2706 989 2755 dissentientibus
1022 2707 1299 2756 satisfacere
1317 2724 1459 2772 posse
1476 2709 1711 2773 judicavi.

197 2805 434 2872 Denique,
452 2823 515 2856 ne
539 2823 830 2872 quemquam
868 2808 1164 2858 offenderem
1187 2816 1365 2873 praeter
1388 2826 1470 2859 eos
1504 2827 1712 2874 quorum
