2020 3262
265 294 624 330 cOMPARA'rro
647 295 966 330 SPECIERUM
988 295 1170 329 'rmUM
1194 296 1490 329 01v1TA'r1S.
1529 284 1623 337 277

230 398 350 468 esse,
387 408 475 457 sed
509 400 696 467 contra,
732 405 964 454 nimirum
999 405 1453 454 incommoditatem
1488 407 1627 470 regni
1665 433 1794 464 SECT,
1821 433 1891 465 111,

228 499 319 547 per
342 483 568 532 accidens
592 498 712 541 esse,
737 480 869 545 quod
898 495 1025 545 rege
1047 495 1214 545 puero
1256 480 1448 528 accidat
1472 497 1626 544 quan·
1758 485 1806 514 ¹⁰·

230 557 407 622 doque,
425 565 482 606 ut
505 557 671 606 multis
694 572 782 620 per
799 555 1118 604 ambitionem
1151 561 1201 602 et
1220 555 1321 603 vim
1345 555 1396 602 in
1421 556 1629 604 concilia

229 634 428 697 publica
465 649 570 682 sese
615 631 998 689 intrudentibus,
1038 630 1209 678 civitas
1256 629 1629 678 administretur

230 710 583 768 democratice,
609 716 755 772 atque
796 724 856 756 ex
895 723 954 755 eo
987 707 1125 755 nasci
1158 706 1471 754 infelicitates
1506 706 1628 765 illas,

230 802 341 850 quae
361 781 626 850 'imperium
639 783 826 850 populi
842 782 1057 831 maxima
1077 798 1138 831 ex
1151 790 1294 846 parte
1311 782 1627 830 comitantur.

303 863 378 916 17.
416 862 622 925 Signum
635 867 800 909 autem
815 859 947 923 quod
961 858 1252 907 monarchia
1268 858 1630 906 absolutissima
1647 864 1865 937 {gg-{3¹32
1887 927 1896 930 -

230 936 443 985 civitatis
458 937 522 984 sit
536 936 748 1000 optimus
763 935 983 983 omnium
999 941 1170 993 status,
1179 934 1631 983 manifestissimum
1648 917 1918 1001 fiumjmaesmgiu.

229 1012 352 1060 illud
366 1019 455 1071 est,
481 1011 614 1076 quod
635 1027 735 1059 non
760 1011 917 1059 solum
939 1026 1097 1074 reges,
1123 1010 1210 1058 sed
1233 1010 1383 1058 etiam
1408 1011 1631 1059 civitates
1650 1004 1717 1023 ⁰¹⁰³
1740 999 1904 1026 ⁰³³⁸⁶¹¹⁸¹⁸'

227 1088 342 1147 illae,
358 1104 468 1151 quae
485 1087 676 1153 populo
701 1094 750 1134 et
773 1086 1099 1151 optimatibus
1123 1087 1357 1150 subjectae
1381 1096 1510 1146 sunt,
1531 1104 1631 1136 non

228 1164 324 1213 nisi
346 1164 433 1212 uni
466 1164 557 1212 soli
590 1170 753 1211 totum
780 1163 898 1210 belli
932 1162 1192 1226 imperium
1218 1163 1462 1222 deferunt,
1483 1163 1648 1227 idque-

227 1239 298 1288 ita
320 1230 613 1298 absolutum,
631 1246 689 1287 ut
711 1239 835 1286 nihil
858 1239 1014 1302 possit
1033 1255 1138 1287 esse
1161 1239 1384 1304 amplius.
1456 1241 1514 1288 In
1534 1257 1631 1304 quo

227 1315 388 1363 obiter
422 1315 695 1363 notandum
733 1331 928 1379 quoque
963 1316 1059 1364 hoc
1083 1324 1174 1375 est,
1201 1316 1336 1380 quod
1358 1333 1445 1364 rex
1468 1317 1632 1365 nullus

227 1390 342 1439 duci
379 1390 489 1454 plus
525 1390 718 1455 imperii
755 1391 807 1439 in
845 1392 1116 1440 exercitum
1155 1393 1441 1452 concedere,
1485 1409 1632 1455 quam

225 1465 330 1530 ipse
361 1466 413 1514 in
446 1466 575 1514 cives
601 1482 771 1514 omnes
796 1483 1024 1515 exercere
1043 1468 1154 1531 jure
1178 1469 1348 1531 possit.
1418 1468 1632 1516 Monar-

227 1541 344 1590 chia
375 1541 544 1606 itaque
582 1542 803 1590 omnium
840 1543 1080 1606 optimum
1115 1544 1168 1591 in
1207 1544 1379 1592 castris
1410 1544 1629 1607 regimen

225 1624 315 1666 cst.
353 1617 489 1667 Quid
512 1625 677 1666 autem
692 1618 827 1667 aliud
851 1626 964 1667 sunt
978 1620 1143 1682 plures
1158 1620 1466 1684 respublicae,
1485 1637 1634 1684 quam

225 1693 437 1742 totidem
461 1701 622 1742 castra
644 1695 885 1758 praesidiis
909 1702 959 1743 et
976 1696 1124 1743 armis
1150 1705 1325 1744 contra
1348 1712 1399 1744 se
1422 1696 1633 1744 invicem

226 1769 447 1826 munita3
485 1786 694 1833 quorum
729 1777 885 1818 status
927 1771 1064 1834 (quia
1099 1772 1235 1820 nulla
1269 1772 1518 1820 communi
1545 1790 1633 1837 po-

226 1845 385 1893 tentia
426 1849 736 1905 coercentur,
777 1853 1028 1910 utcunque
1053 1847 1243 1896 incerta
1266 1865 1362 1912 pax
1397 1856 1634 1912 tanquam

190 1925 194 1928 “
226 1921 440 1970 induciae
473 1923 647 1970 breves
682 1923 978 1985 intercedat)
1006 1939 1096 1987 pro
1130 1931 1262 1972 statu
1285 1924 1512 1982 naturali,
1537 1925 1632 1973 hoc

228 2004 318 2056 est,
342 2014 433 2062 pro
459 2005 591 2046 statu
614 1999 735 2047 belli
753 1999 1008 2047 habendus
1033 2000 1145 2048 est?

301 2078 376 2121 18.
414 2074 683 2134 Postremo,
721 2075 952 2138 quoniam
976 2075 1040 2123 ad
1072 2076 1496 2124 conservationem
1519 2092 1632 2124 nos—
1652 2100 1789 2137 Optimus
1802 2104 1896 2129 status

227 2155 357 2196 tram
393 2149 615 2198 subditos
650 2166 741 2198 nos
777 2166 882 2199 esse
918 2151 1064 2199 alicui
1091 2151 1275 2200 homini
1310 2152 1387 2200 vel
1420 2152 1631 2200 coneilio
1650 2145 1918 2226 fflssssssffssfngssss’assssffs

226 2225 557 2275 necessarium
573 2232 693 2285 erat,
720 2227 906 2290 optima
924 2227 1207 2276 conditione
1231 2228 1302 2276 illi
1327 2229 1630 2292 subjicimur,
1649 2235 1720 2260 sunt
1742 2231 1904 2261 hfflreffims·

227 2301 366 2364 cujus
383 2301 590 2349 interest
606 2308 664 2349 ut
688 2302 807 2349 salvi
826 2310 875 2350 et
895 2302 1001 2350 sani
1020 2303 1185 2352 simus.
1255 2304 1420 2368 Atque
1439 2305 1535 2352 hoc
1558 2306 1630 2364 fit,

227 2375 424 2440 quando
453 2377 740 2440 imperantis
776 2378 1039 2426 haereditas
1063 2395 1261 2436 sumus3
1297 2381 1633 2445 unusquisque

227 2453 359 2501 enim
383 2460 560 2517 sponte
578 2469 667 2501 sua
688 2455 1031 2503 haereditatem
1054 2471 1192 2504 suam
1216 2473 1507 2505 conservare
1522 2452 1633 2506 ‘stu-

228 2529 327 2581 det.
400 2532 527 2580 Sunt
568 2540 734 2580 autem
772 2533 952 2581 civium
991 2550 1092 2582 non
1128 2535 1270 2583 fundi
1307 2543 1358 2583 et
1393 2536 1631 2599 pecuniae,

228 2607 317 2656 sed
340 2623 549 2672 corpora
573 2616 623 2657 et
659 2609 809 2657 animi
833 2610 997 2674 vegeti
1020 2611 1299 2675 principum
1331 2612 1544 2661 divitiae:
1581 2613 1633 2661 id

229 2682 364 2747 quod
399 2683 544 2733 facile
582 2684 881 2733 concedetur
915 2686 982 2734 'ab
1017 2686 1093 2745 iis,
1120 2687 1204 2750 qui
1233 2687 1633 2736 animadvertunt

227 2772 381 2822 quam¹
396 2760 590 2824 magnis
613 2761 836 2824 pecuniis
855 2776 1118 2824 parvarum
1139 2762 1395 2810 civitatum
1414 2763 1631 2812 dominia

228 2835 549 2894 aestimantur‚
574 2844 624 2885 et
648 2845 834 2901 quanto
862 2837 1053 2886 facilius
1090 2839 1312 2887 homines
1352 2841 1628 2904 pecuniam,

231 2925 377 2974 quam
400 2913 610 2975 pecunia
632 2913 855 2962 homines
875 2914 1100 2977 acquirit.
1160 2908 1336 2979 Neque
1355 2917 1630 2981 exemplum
