1994 3276
473 252 570 294 426
1040 269 1287 303 annom.

207 390 335 423 SECT,
362 392 432 425 111,
452 372 590 433 fleat
627 389 781 437 super
799 375 1184 439 fundamentum
1221 380 1312 427 hoe
1344 396 1533 440 aarum,
1572 390 1849 447 argentum,

298 443 346 473 18.

463 446 664 510 lapides
678 452 954 513 pretiosos,
980 453 1139 518 ligna,
1146 455 1361 518 foenum,
1393 457 1648 520 stimulam,
1677 459 1844 506 unius-

463 524 702 587 cujusque
738 541 862 589 opus
898 529 1215 591 manifestum
1261 530 1374 578 erit.
1445 531 1504 578 Si
1549 534 1688 595 eujus
1729 550 1853 598 opus

461 599 707 646 manserit
725 601 861 663 quod
869 603 1309 666 superoedffieavit,
1319 606 1589 653 mercedem
1607 607 1826 672 accipiet
1832 627 1852 664 ,-

459 673 506 719 εἰ
529 674 669 736 eujus
693 691 815 738 opus
840 677 1045 735 arserit,
1088 678 1430 726 detrimentum
1457 681 1706 744 patietur,
1742 682 1853 747 ipse
1906 743 1907 746 Ἴ

459 755 622 796 autem
656 750 825 798 salvus
862 752 974 800 erit.
1045 753 1120 800 Ex
1160 754 1335 816 quibus
1376 762 1514 817 patet
1551 772 1639 818 per
1675 757 1852 806 funda-

457 831 678 872 mentum
735 826 942 889 intelligi
999 827 1258 875 articulum
1304 829 1434 877 hunc
1479 830 1665 879 JESUM
1714 847 1846 881 ESSE

457 898 751 948 CHRISTUM
776 920 786 948 :
823 917 924 949 non
949 902 1079 950 enim
1114 904 1531 966 superaedificatur
1562 922 1707 970 super
1739 923 1849 970 per-

455 989 623 1021 sonam
650 975 847 1035 Christi,
874 993 1061 1036 aurum,
1098 987 1373 1041 argentum,
1409 980 1611 1040 foenum,
1653 982 1847 1046 stipula,

455 1049 630 1111 quibus
655 1051 994 1113 significantur
1019 1053 1284 1102 doctrinae:
1322 1062 1372 1102 et
1394 1072 1536 1118 posse
1558 1056 1704 1105 falsas
1728 1057 1846 1106 doc-

453 1125 606 1173 trinas
631 1126 950 1175 fundamento
987 1129 1272 1191 superstrui,
1299 1146 1390 1178 nec
1415 1139 1580 1179 tamen
1616 1140 1673 1180 ut
1705 1132 1843 1181 dam-

452 1207 649 1256 nentur,
677 1202 762 1264 qui
781 1218 862 1249 eas
888 1202 1162 1251 docuerint.

525 1282 598 1323 10.
636 1276 908 1332 Postremo,
925 1278 1056 1339 quod
1070 1278 1304 1327 articulus
1323 1279 1403 1327 ille
1419 1281 1550 1328 solus
1568 1283 1844 1331 necessario

374 1327 390 1368 9
450 1350 690 1397 tenendus
714 1350 777 1397 sit
786 1351 902 1413 fide
921 1352 1134 1411 interna,
1155 1353 1514 1403 evidentissime
1538 1372 1597 1404 ex
1621 1358 1843 1420 plurimis

451 1425 613 1473 Sacrae
647 1426 914 1489 Scripturae
946 1427 1083 1486 10015,
1105 1444 1398 1492 quocunque
1421 1431 1704 1495 interprete,
1729 1450 1844 1496 pro-

446 1500 554 1548 bari
589 1508 766 1564 potest.
835 1502 947 1549 Joh.
989 1519 1032 1550 v.
1061 1508 1160 1549 39:
1200 1503 1502 1553 Scrutamini
1527 1507 1840 1571 Scripturas,

446 1575 566 1639 quia
585 1593 669 1623 vos
678 1577 880 1640 putatis
904 1576 954 1623 in
979 1576 1106 1640 ipsis
1125 1577 1276 1625 vitam
1299 1585 1538 1627 aeternam
1557 1581 1764 1630 habere.-
1790 1590 1840 1631 et

445 1650 547 1698 illae
569 1658 698 1710 sunt,
724 1668 830 1714 quoe
859 1651 1130 1715 perhibent
1162 1652 1490 1701 testimonium
1513 1656 1576 1703 de
1599 1673 1687 1704 me.
1758 1658 1837 1706 In-

444 1726 624 1789 telligit
647 1733 811 1774 autem
828 1726 1051 1774 Christus
1077 1727 1354 1790 Scripturas
1372 1729 1520 1777 solius
1537 1731 1838 1782 Testamenti

444 1801 636 1849 Veteris
657 1820 667 1848 ε
693 1802 912 1849 nondum
937 1802 1067 1849 enim
1094 1803 1329 1866 scriptum
1349 1812 1455 1852 erat
1472 1806 1838 1856 Testamentum

444 1877 656 1924 Novum.
724 1878 836 1925 Jam
859 1893 975 1924 vero
1000 1877 1334 1926 testimonium
1358 1879 1419 1926 de
1445 1880 1643 1929 Christo
1666 1882 1718 1930 in
1741 1883 1837 1931 Ve-

443 1953 537 1999 teri
571 1954 889 2000 Testamento
914 1953 1103 2000 nullum
1139 1953 1272 2001 aliud
1308 1962 1482 2014 exstat,
1507 1963 1835 2021 praeterquam

443 2028 574 2090 quod
597 2036 833 2076 venturus
858 2035 962 2075 erat
992 2044 1078 2076 rex
1115 2035 1343 2088 aeternus,
1369 2030 1456 2078 tali
1491 2031 1614 2090 1000,
1654 2032 1833 2081 talibus

440 2104 726 2166 parentibus
750 2104 1044 2162 nasciturus,
1069 2104 1187 2151 talia
1226 2104 1460 2153 docturus
1498 2115 1549 2165 et
1578 2107 1830 2164 facturus3

441 2179 615 2241 quibus
651 2180 795 2226 rebus
830 2187 887 2226 ut
922 2179 1071 2242 signis
1113 2179 1474 2242 dignoscendus
1514 2189 1634 2230 erat.
1706 2183 1831 2232 Quae

439 2254 603 2302 omnia
641 2254 737 2302 hoc
773 2271 926 2302 unum
964 2262 1222 2312 testantur,
1254 2256 1457 2315 JESUM,
1484 2257 1567 2320 qui
1590 2257 1660 2305 ita
1682 2265 1828 2306 natus

437 2345 495 2376 ea
519 2330 742 2378 docuerit
765 2338 814 2377 et
836 2330 1023 2389 fecerit,
1050 2347 1153 2378 esse
1181 2331 1494 2380 CnmsmnM.
1543 2333 1656 2381 Alia
1678 2333 1827 2397 igitur

433 2405 554 2453 fides
601 2405 665 2452 ad
703 2405 857 2453 vitam
895 2413 1131 2453 aeternam
1169 2415 1351 2469 praeter
1387 2408 1525 2455 illum
1565 2409 1825 2456 articulum

434 2498 535 2528 non
558 2481 913 2544 requirebatur.
970 2481 1083 2529 Joh.
1104 2481 1168 2528 xi.
1190 2488 1254 2530 26
1274 2501 1284 2529 :
1326 2482 1509 2542 Omnis,
1530 2484 1616 2547 qui
1637 2483 1756 2531 vivit
1774 2490 1824 2531 et

434 2557 598 2605 eredit
631 2557 681 2604 in
716 2573 804 2615 me,
830 2573 924 2603 non
950 2557 1190 2604 morietur
1215 2557 1265 2605 in
1290 2564 1541 2607 aeternum.
1613 2558 1822 2606 Credere

433 2641 598 2681 autem
635 2633 686 2679 in
721 2632 905 2690 Jesum,
946 2640 1003 2679 ut
1039 2632 1222 2679 ibidem
1259 2633 1545 2696 explicatur,
1577 2633 1706 2680 idem
1747 2640 1821 2681 est

434 2708 567 2771 quod
592 2708 791 2755 credere
815 2708 843 2754 J
850 2721 1002 2754 ESUM
1031 2722 1164 2755 Essn
1193 2708 1506 2757 CHRISTUM.
1580 2708 1678 2756 Qui
1701 2724 1818 2771 ergo

430 2784 483 2830 id
506 2784 675 2842 credit,
700 2799 797 2830 non
822 2782 1059 2829 morietur
1098 2782 1149 2830 in
1183 2791 1450 2838 aeter11um3
1486 2791 1536 2830 et
1571 2798 1658 2845 per
1700 2799 1816 2831 con-

431 2875 654 2922 sequens,
680 2858 911 2906 articulus
935 2857 1015 2905 ille
1040 2858 1170 2906 solus
1194 2866 1268 2906 est
1291 2858 1355 2907 ad
1369 2858 1574 2907 salutem
1593 2873 1812 2907 necessa-
