2020 3262
594 557 1200 604 EXCELLENTISSIMO
1232 559 1386 603 VIRO

715 707 1265 787 GULIELMQ

520 874 901 932 COMITI
963 875 1469 942 DEVONIAE,

643 1030 826 1060 DOMINO
855 1030 955 1060 MEO
986 1030 1334 1061 COLENDISSIMO·

218 1321 441 1374 'Porum
476 1322 704 1381 Romani,
740 1321 976 1370 memoria
1009 1321 1403 1385 Tarquiniorum,
1446 1328 1497 1369 et
1539 1321 1751 1370 civitatis

230 1421 474 1481 institute,
491 1421 690 1485 regibus
723 1420 894 1484 iniqui,
930 1437 1024 1469 vox
1062 1427 1182 1480 erat,
1220 1419 1624 1468 excellentissime
1655 1419 1754 1468 Do-

226 1522 376 1583 mine,
398 1522 591 1587 prolata
612 1537 697 1570 ore
721 1521 881 1570 Marci
904 1521 1104 1571 Catonis
1140 1520 1384 1580 Censoris,
1417 1536 1558 1585 reges
1581 1536 1751 1570 omnes

227 1621 290 1671 de
311 1637 492 1687 genere
510 1638 613 1671 esse
628 1621 897 1670 bestiarum
914 1620 1179 1685 rapacium.
1238 1621 1348 1684 Ipse
1362 1627 1527 1670 autem
1541 1622 1750 1686 populus

227 1697 493 1782 Romanus,
530 1721 615 1787 qui
649 1737 738 1786 per
772 1720 1045 1777 AfricanoS‚
1084 1720 1343 1780 AsiaticOS,
1384 1721 1747 1780 MacedonicOS,

225 1821 484 1882 Achaicos,
516 1829 816 1886 caeterosque
839 1837 870 1869 a
891 1820 1109 1885 spoliatis
1131 1821 1360 1884 gentibus
1379 1822 1750 1886 cognominatos

129 1950 139 1996 3⁴
226 1921 374 1982 civeS,
418 1928 580 1971 totum
617 1921 720 1971 fere
754 1922 923 1971 orbem
972 1928 1214 1970 terrarum
1259 1921 1543 1987 diripuerat,
1590 1924 1748 1988 qualis

134 2023 147 2098 ᾗ
223 2021 388 2072 bellua
427 2022 566 2072 erat?
627 2022 750 2074 ,Non
788 2022 949 2071 minus
982 2038 1099 2087 ergo
1136 2039 1283 2087 quam
1326 2023 1465 2081 Cato,
1504 2023 1748 2089 sapienter

80 2164 85 2166 .
126 2103 160 2147 ³3
224 2120 348 2170 dixit
370 2121 572 2171 Pontius
594 2121 860 2171 Telesinus.
929 2094 978 2171 Is
999 2122 1172 2187 proelio
1196 2122 1260 2171 ad
1283 2123 1479 2171 Portam
1503 2122 1746 2172 Collinam

223 2227 397 2271 contra
419 2221 603 2287 Syllam
625 2221 978 2271 circumvolans
1001 2221 1197 2270 ordines
1221 2221 1462 2270 exercitus
1486 2221 1577 2282 sui,
1608 2222 1744 2271 voci-

221 2321 502 2388 feratusque
530 2322 797 2372 eruendam
819 2322 1171 2387 delendamque
1202 2322 1359 2387 ipsam
1395 2322 1618 2382 Romam,
1655 2322 1744 2371 ad-

216 2422 434 2488 jiciebat,
459 2426 758 2488 “nunquam
772 2423 1024 2472 defuturos
1046 2430 1270 2488 raptores
1294 2423 1479 2472 Italicae
1501 2423 1742 2472 libertatis

218 2522 385 2591 lupos,
407 2525 503 2574 nisi
526 2525 676 2590 sylva,
712 2525 764 2573 in
788 2541 935 2589 quam
967 2524 1192 2589 refugere
1227 2524 1457 2584 solerent,
1494 2530 1622 2572 esset
1655 2540 1741 2572 ex-

138 2627 177 2678 ’ἶ
216 2626 365 2678 eisal'
419 2628 659 2678 ⁴Profecto
673 2635 937 2693 utrumque
949 2644 1063 2677 vere
1078 2628 1265 2678 dictum
1281 2634 1371 2687 est,
1395 2627 1535 2675 homo
1553 2626 1740 2675 homini

203 2726 359 2790 -szeus,
383 2735 434 2779 et
459 2729 599 2778 homo
618 2729 803 2778 homini
826 2729 992 2795 lupus,
1040 2728 1184 2787 Illud,
1201 2729 1243 2777 si
1261 2728 1485 2777 concives
1508 2728 1638 2777 inter
1654 2743 1706 2776 se
1723 2749 1736 2784 ;

218 2826 330 2890 hoc,
347 2829 390 2880 si
403 2830 626 2881 civitates
644 2846 1000 2896 comparemus.
1071 2830 1178 2880 Illic
1197 2829 1390 2895 justitia
1412 2835 1463 2879 et
1480 2828 1736 2889 charitate,
