2020 3262
509 241 605 293 370
1069 258 1312 291 RELIGIO.

250 385 377 417 ερατ,
399 387 466 420 Ῑῃ,
508 362 854 412 hereditarium
890 374 1009 415 erat.
1079 368 1394 416 Manifestum
1426 375 1590 415 autem
1626 375 1698 416 est
1733 369 1879 418 fuisse

336 438 382 468 ¹⁶·
507 438 846 498 sacerdotium,
865 441 994 489 sicut
1006 443 1199 490 vivente
1218 444 1372 501 Mose,
1398 443 1468 490 ita
1490 459 1577 506 per
1600 460 1742 491 omne
1760 451 1881 493 tem-

506 529 597 576 pus
635 531 665 562 a
706 515 848 563 Saule
889 533 1003 579 rege
1042 518 1104 565 ad
1144 518 1478 581 captivitatem
1516 519 1878 583 Babylonicam,

506 604 607 636 non
629 591 973 653 magisterium,
999 593 1084 640 sed
1108 593 1444 640 ministerium.

225 661 363 732 {³3:2⁰3
381 714 471 733 sacer·
579 667 652 718 17.
689 666 803 713 Post
826 667 1035 714 reditum
1073 684 1102 714 a
1138 668 1370 715 servitute
1404 668 1715 731 Babylonica,
1739 685 1882 718 reno-

225 748 419 798 d0t³¹313spost
505 748 619 787 vato
666 748 715 788 et
754 742 943 805 signato
966 742 1192 806 foedere,
1239 743 1520 790 restitutum
1561 751 1635 791 est
1673 760 1881 809 regnum

225 795 429 828 πωπω
505 816 838 875 sacerdotale,
864 818 1005 880 quale
1037 826 1142 866 erat
1164 835 1193 866 a
1221 826 1382 866 morte
1416 820 1578 867 Josuae
1601 819 1664 867 ad
1686 820 1880 868 initium

505 905 707 952 regum;
765 892 858 940 nisi
900 893 1026 955 quod
1074 910 1175 941 non
1219 893 1426 941 habetur
1472 910 1710 958 expresse,
1751 895 1881 958 quod

504 965 686 1021 Esdrae,
711 967 846 1029 cujus
870 968 1094 1030 auspiciis
1116 968 1275 1016 Judaei
1297 968 1500 1016 reduces
1535 975 1716 1017 statum
1739 984 1881 1017 suum

503 1039 810 1100 ordinabant,
827 1049 911 1089 aut
931 1042 1154 1105 cuiquam
1173 1043 1268 1100 alii,
1292 1050 1617 1106 praeterquam
1640 1045 1732 1107 ipsi
1755 1044 1877 1104 Deo,

498 1115 579 1176 jus
603 1115 895 1163 tradiderint
917 1116 1120 1180 imperii.
1189 1118 1394 1165 Videtur
1417 1119 1581 1181 potius
1599 1119 1879 1168 reformatio

500 1190 584 1237 illa
613 1191 734 1238 nihil
756 1191 889 1238 aliud
910 1207 1029 1250 esse,
1055 1209 1201 1254 quam
1237 1193 1538 1256 singulorum
1576 1194 1636 1241 de
1671 1194 1746 1253 iis,
1772 1211 1880 1258 quae

501 1265 553 1311 in
591 1265 716 1313 libro
756 1267 876 1329 legis
918 1267 1099 1330 scripta
1136 1276 1289 1326 erant,
1328 1269 1640 1316 observandis
1676 1277 1792 1318 vota
1830 1276 1880 1318 et

501 1341 738 1402 promissa
759 1341 904 1388 nuda.
972 1343 1318 1402 Veruntamen,
1348 1343 1494 1405 (forte
1511 1360 1611 1391 non
1630 1361 1690 1392 ex
1712 1345 1880 1408 populi

501 1415 794 1478 intentione)
823 1433 883 1465 ex
898 1424 1072 1482 pacto,
1098 1418 1230 1480 quod
1264 1425 1370 1466 tum
1403 1420 1718 1478 renovabant,
1746 1422 1880 1482 (nam

500 1498 700 1553 pactum
717 1500 823 1539 erat
844 1492 974 1540 idem
997 1509 1107 1540 cum
1131 1509 1188 1540 eo
1212 1494 1344 1556 quod
1360 1494 1545 1542 factum
1562 1502 1636 1543 est
1658 1495 1722 1543 ad
1743 1511 1881 1543 mon-

499 1572 601 1613 tem
626 1566 799 1628 Sinai),
820 1574 925 1614 erat
948 1567 1029 1614 ille
1047 1574 1199 1615 status
1214 1573 1420 1632 regnum
1433 1570 1766 1629 sacerdotale,
1783 1571 1878 1619 hoc

502 1648 592 1698 est,
619 1657 844 1703 suprema
870 1642 1134 1690 auctoritas
1171 1643 1326 1691 civilis
1363 1651 1412 1691 et
1435 1660 1573 1692 sacra
1603 1646 1741 1693 unita
1772 1654 1878 1695 erat

498 1716 551 1763 in
571 1717 918 1765 sacerdotibus.
956 1718 1216 1780 Utcunque
1234 1725 1398 1766 autem
1415 1720 1677 1768 ambitione
1692 1736 1875 1781 eorum,

499 1792 583 1854 qui
607 1791 668 1839 de
691 1792 963 1840 sacerdotio
982 1793 1357 1853 contenderunt,
1374 1802 1423 1842 et
1445 1795 1722 1843 interventu
1743 1797 1876 1859 prin-

498 1867 663 1929 cipum
682 1874 994 1915 externorum
1017 1868 1087 1916 ita
1109 1869 1359 1916 turbatum
1372 1877 1543 1932 postea
1560 1870 1624 1918 sit
1637 1886 1791 1934 usque
1813 1871 1877 1919 ad

499 1949 723 2005 tempora
760 1943 1033 2007 Servatoris
1069 1944 1225 1991 nostri
1246 1945 1275 1991 J
1280 1960 1363 1992 esu
1389 1945 1584 2003 Christi,
1610 1952 1667 1992 ut
1686 1961 1746 1992 ex
1775 1946 1875 1994 his-

495 2017 635 2064 toriis
665 2024 941 2080 temporum
963 2018 1157 2066 illorum
1175 2019 1287 2066 sciri
1318 2036 1417 2067 non
1452 2020 1620 2083 possit,
1643 2021 1728 2068 ubi
1760 2037 1874 2069 auc-

495 2093 668 2139 toritas
708 2092 791 2139 illa
831 2093 1098 2148 resideret3
1158 2101 1351 2142 constat
1389 2102 1555 2142 tamen
1591 2111 1691 2143 non
1725 2095 1872 2144 fuisse

495 2167 588 2214 illis
623 2168 923 2230 temporibus
953 2176 1248 2231 potestatem
1285 2169 1638 2233 interpretandi
1671 2171 1872 2218 verbum

494 2243 587 2291 Dei
609 2260 639 2290 a
661 2259 848 2290 summa
869 2246 1110 2306 potestate
1135 2245 1264 2293 civili
1288 2252 1574 2308 separatam.

213 2316 434 2353 APU‘UUdffl
567 2323 640 2365 18.
677 2320 750 2366 Ex
779 2319 854 2366 his
871 2319 1028 2367 'facile
1065 2321 1266 2383 cognitu
1301 2328 1388 2380 est,
1414 2321 1531 2384 quid
1566 2320 1747 2369 Judaeis
1782 2337 1871 2383 per

210 2364 476 2452 ssssfiffi'dffssffiget
493 2409 637 2440 omne
682 2402 873 2457 tempus
902 2387 975 2442 <ab
1010 2396 1300 2443 Abrahamo
1347 2396 1410 2443 ad
1451 2396 1695 2443 Christum
1740 2395 1870 2444 circa

208 2445 443 2518 Ξῗὲἶῖἶιῖῗῖιῖῑῗῗῖῗ
492 2469 723 2516 mandata
744 2469 1018 2532 principum
1043 2486 1240 2518 suorum
1263 2471 1538 2518 faciendum
1562 2477 1680 2518 erat.
1731 2470 1868 2518 Sicut

206 2531 462 2607 ffffifflfftffi
493 2545 623 2591 enim
646 2545 697 2591 in
720 2546 889 2608 regnis
906 2561 1037 2592 mere
1055 2547 1293 2605 humanis,
1318 2545 1621 2610 magistratui
1645 2545 1867 2593 subordi-

206 2617 277 2645 ‘ffis
296 2619 443 2669 ⁰¹¹¹¹¹³b¹¹⁵z
490 2627 607 2668 nato
632 2618 957 2668 obediendum
980 2629 1054 2668 est
1076 2622 1127 2668 in
1151 2622 1390 2680 omnibus,
1414 2628 1735 2684 praeterquam
1754 2637 1866 2669 cum

205 2661 386 2697 principibus
399 2671 460 2690 suis

205 2703 467 2739 pareredebebant-
488 2696 720 2743 mandata
744 2697 847 2758 ejus
871 2697 1126 2743 continent
1161 2697 1212 2744 in
1249 2713 1299 2744 se
1324 2697 1506 2744 crimen
1542 2696 1670 2743 laesae
1693 2697 1863 2759 majes-

486 2771 630 2826 tatis;
682 2771 750 2819 ita
794 2772 845 2818 in
889 2788 1041 2834 regno
1089 2772 1194 2830 Dei,
1234 2772 1529 2835 principibus
1569 2771 1861 2830 Abrahamo,

485 2846 667 2905 Isaaco,
703 2848 906 2904 Jacobo,
932 2847 1073 2905 Mosi,
1113 2848 1382 2904 sacerdoti,
1421 2846 1537 2909 regi
1567 2845 1741 2908 cuique
1772 2863 1865 2910 pro·
