2020 3262
407 244 503 287 216
942 258 1244 294 lMPEmUM.

149 379 276 412 sECT.
296 380 364 414 111.
408 365 539 429 quod
563 366 658 415 duo
684 368 782 416 sint
804 385 984 432 genera
1008 370 1273 427 civitatum,
1299 370 1505 418 alterum
1536 375 1785 434 naturale,

164 431 353 500 „Eg-2
407 442 548 504 quale
573 450 646 491 est
673 451 941 508 paternum
965 453 1015 492 et
1039 446 1343 510 despoticum
1362 465 1380 500 ;
1417 447 1624 495 alterum
1648 449 1786 498 insti-

406 517 623 577 tutivum,
650 519 780 582 quod
803 526 851 567 et
877 519 1143 584 politic-um
1180 521 1275 567 dici
1296 528 1471 584 potest.
1542 523 1599 570 In
1629 524 1787 586 primo

406 592 624 640 dominus
648 595 854 657 acquirit
873 595 963 642 sibi
988 595 1118 642 cives
1143 611 1229 642 sua
1241 596 1491 644 voluntate
1512 618 1523 652 3
1558 598 1610 645 in
1633 598 1787 647 altero

406 667 536 715 cives
560 669 759 717 arbitrio
784 685 870 717 suo
894 669 1156 732 imponunt·
1176 670 1367 718 sibimet
1389 671 1506 734 ipsis
1531 673 1785 734 dominum,

406 742 506 790 sive
545 743 585 790 is
620 744 682 791 sit
720 760 841 791 unus
881 744 1032 802 hom0,
1059 744 1157 791 sive
1187 762 1307 792 unus
1346 753 1500 793 eoetus
1533 748 1786 797 hominum

406 833 517 865 cum
549 835 724 866 summo
757 819 979 883 imperia.
1049 819 1277 867 Dicemus
1302 829 1465 868 autem
1488 822 1646 884 primo
1677 823 1787 872 loeo

407 893 466 941 de
490 894 693 942 civitate
717 894 1013 953 institutiva,
1039 894 1213 942 deinde
1237 895 1297 943 de
1321 897 1560 946 naturali.

927 1174 1140 1221 CAPUT
1173 1174 1257 1221 VI.

404 1279 466 1311 DE
490 1279 608 1311 JURE
634 1280 757 1321 EJUS,
793 1281 896 1312 SIVE
929 1281 1147 1324 CONfflLII,
1172 1282 1275 1313 SIVE
1303 1282 1502 1314 HOMINIS
1541 1282 1679 1314 UNIUS
1705 1282 1787 1319 QUI

583 1347 631 1377 IN
657 1347 875 1378 CIVITATE
902 1348 1000 1379 CUM
1024 1348 1190 1380 SUMMA
1214 1349 1479 1380 POTESTATE
1507 1349 1605 1381 EST.

407 1425 440 1461 l.
469 1421 708 1459 Multitudini
740 1428 847 1459 extra
870 1423 1059 1460 civitatem
1088 1437 1163 1461 non
1193 1429 1317 1473 potest
1343 1425 1495 1462 attribui
1526 1424 1590 1475 jus
1621 1425 1787 1474 aliquod,

457 1496 580 1532 neque
600 1484 700 1520 aetio
732 1484 869 1534 aliqua,
887 1485 926 1521 in
946 1497 1060 1534 quam
1080 1498 1155 1522 non
1189 1486 1378 1535 sigillatim
1413 1491 1696 1523 consenserunt.
1749 1487 1787 1522 2.

457 1544 615 1581 Initium
651 1545 813 1581 civitatis
848 1550 904 1582 est
934 1544 998 1594 jus
1034 1545 1185 1595 majoris
1221 1547 1368 1584 numeri
1404 1547 1683 1584 consentientis.
1748 1550 1787 1585 3.

458 1605 783 1655 Unumquemque
812 1605 877 1655 jus
906 1606 1067 1644 retinere
1097 1607 1321 1656 protegendi
1356 1619 1396 1644 se
1433 1607 1589 1644 arbitrio
1620 1608 1786 1656 proprio,

460 1666 642 1716 quamdiu
675 1667 868 1704 securitati
899 1679 978 1703 suae
997 1679 1072 1704 non
1105 1668 1152 1703 sit
1182 1672 1437 1716 prospectum.
1489 1670 1528 1706 4.
1557 1667 1788 1706 Potestatem

457 1729 668 1765 coactivam
696 1729 945 1766 necessariam
970 1741 1050 1766 esse
1068 1729 1115 1766 ad
1140 1729 1392 1766 securitatem.
1445 1731 1483 1767 5.
1511 1728 1612 1770 Quid
1630 1730 1679 1766 sit
1697 1729 1789 1767 Gla-

458 1789 542 1826 dius
559 1789 736 1827 Justitiae.
789 1792 827 1828 6.
855 1789 1035 1827 Gladium
1059 1789 1085 1828 J
1089 1790 1223 1827 ustitiae
1243 1802 1358 1838 penes
1377 1802 1464 1826 eum
1483 1802 1562 1827 esse
1590 1791 1656 1839 qui
1674 1790 1790 1828 habet

457 1863 646 1887 summum
665 1850 877 1899 imperium.
931 1851 968 1891 7.
996 1850 1177 1888 Gladium
1195 1850 1282 1887 belli
1301 1863 1417 1899 penes
1435 1850 1598 1888 eundem
1616 1863 1708 1888 esse.
1753 1854 1791 1889 8.

456 1911 482 1950 J
486 1911 610 1948 udicia
629 1924 743 1961 penes
762 1912 925 1949 eundem
943 1925 1034 1949 esse.
1089 1915 1126 1951 9.
1154 1912 1451 1962 Legislationem
1464 1925 1578 1961 penes
1621 1910 1786 1950 eundem

458 1985 548 2009 esse.
580 1975 640 2011 10.
680 1971 974 2022 Magistratuum
986 1978 1024 2010 et
1038 1973 1294 2010 ministrorum
1313 1973 1475 2010 civitatis
1493 1973 1788 2010 nominationem

457 2045 573 2082 penes
604 2033 767 2070 eundem
795 2046 887 2070 esse.
944 2036 1005 2071 11.
1032 2034 1303 2071 Doctrinarum
1336 2034 1651 2071 examinationem
1674 2046 1790 2083 penes

459 2094 622 2130 eundem
641 2107 732 2131 esse.
774 2097 834 2132 12.
865 2094 1060 2143 Quicquid
1074 2095 1104 2130 is
1119 2094 1253 2132 fecerit
1270 2095 1424 2143 impune
1443 2107 1534 2131 esse.
1564 2097 1622 2133 13.
1653 2093 1787 2131 Eidem

459 2168 481 2192 a
500 2155 646 2192 civibus
676 2156 876 2204 imperium
903 2156 1118 2192 absolutum
1139 2168 1358 2193 concessum
1378 2168 1479 2193 esse:
1508 2161 1723 2205 quantaque
1753 2156 1788 2193 ei

460 2216 644 2253 debeatur
662 2216 887 2252 obedientia.
935 2219 994 2254 14.
1026 2216 1200 2254 Eundem
1214 2216 1361 2266 legibus
1381 2217 1544 2253 civitatis
1563 2229 1638 2253 non
1658 2218 1789 2254 teneri.

460 2280 521 2316 15.
551 2277 704 2314 Nemini
722 2277 917 2326 proprium
944 2290 1023 2314 esse
1049 2278 1253 2327 quicquam
1281 2283 1413 2314 contra
1443 2277 1547 2313 illum
1567 2277 1632 2326 qui
1651 2277 1788 2315 habeat

458 2353 647 2378 summum
666 2341 877 2389 imperium.
934 2342 994 2378 16.
1023 2340 1126 2382 Quid
1157 2340 1205 2376 sit
1234 2338 1389 2383 furtum,
1409 2338 1664 2382 homicidium,
1683 2338 1789 2375 adul-

459 2402 597 2439 terium
623 2407 661 2438 et
689 2401 836 2450 injuria,
864 2402 1043 2450 cognosci
1070 2413 1117 2438 ex
1141 2400 1288 2449 legibus
1318 2399 1502 2436 civilibus.
1559 2399 1617 2439 17.
1646 2398 1787 2448 Opinio

461 2475 592 2500 eorum
609 2463 675 2512 qui
691 2463 882 2499 civitatem
898 2463 1126 2499 constituere
1140 2463 1292 2504 vellent,
1306 2462 1373 2498 ubi
1387 2473 1460 2497 non
1474 2466 1570 2497 esset
1588 2460 1789 2509 quisquam

462 2537 550 2562 cum
586 2524 756 2573 potentia
791 2523 975 2561 absoluta.
1032 2526 1092 2561 18.
1121 2522 1234 2559 Notae
1270 2522 1416 2571 imperii
1453 2521 1600 2558 summi.
1658 2524 1717 2560 19.
1747 2521 1787 2559 Si

462 2585 679 2622 conferatur
692 2586 823 2622 civitas
838 2597 924 2622 cum
940 2585 1153 2629 homine‚is,
1166 2585 1232 2634 qui
1247 2585 1360 2621 habet
1374 2595 1562 2620 summum
1576 2583 1786 2631 imperium,

462 2652 518 2683 est
536 2647 585 2683 ad
604 2647 794 2684 civitatem
826 2647 864 2683 in
890 2659 935 2683 ea
965 2647 1122 2689 ratione,
1141 2647 1179 2682 in
1207 2658 1283 2695 qua
1309 2649 1366 2682 est
1394 2645 1519 2681 anima
1544 2644 1710 2680 humana
1740 2644 1788 2680 ad

461 2707 584 2756 ipsum
603 2707 806 2744 hominem.
860 2709 924 2745 20.
954 2707 1153 2745 Summum
1171 2706 1370 2755 imperium
1393 2717 1467 2741 non
1486 2717 1595 2754 posse
1606 2703 1695 2754 jure
1714 2705 1788 2742 dis-

461 2768 555 2804 solvi
574 2780 758 2805 consensu
776 2780 921 2811 eorum,
935 2780 1096 2818 quorum
1111 2767 1231 2816 pactis
1246 2771 1303 2803 est
1319 2765 1575 2803 constitutum.

129 2857 396 2930 gauffjiffienssffin
417 2855 458 2897 l.
510 2849 955 2896 CONSIDERANDA
995 2848 1214 2911 inprimis
1259 2855 1331 2894 est
1375 2846 1479 2909 ipsa
1521 2846 1788 2905 hominum,

132 2947 226 2984 potest
259 2943 377 2972 ..ιω-ω
414 2924 693 2973 coeuntium
714 2924 766 2971 in
783 2940 931 2971 unam
954 2923 1200 2971 civitatem
1224 2938 1310 2970 suo
1333 2922 1547 2984 ipsorum
1570 2922 1797 2980 arbitrio.
