2020 3262
0 0 39 105 1³5¹-
86 67 87 71 ’

217 308 575 343 COMPARATIO
599 308 918 343 SPECIERUM
940 309 1122 342 TRIUM
1146 309 1441 343 clvl'rA'r1s.
1479 300 1576 343 265

180 426 383 484 propter
406 419 685 468 libertatem
714 420 920 468 aliorum
958 420 1123 467 omnia
1153 420 1340 482 patitur
1376 421 1580 470 arbitrio
1621 443 1751 476 ssscqu
1773 443 1845 476 111.

181 495 356 543 alieno.
428 496 495 543 At
519 495 718 544 civitate
737 495 1020 554 constituta,
1040 495 1375 558 unusquisque
1402 497 1583 545 civium
1636 540 1642 550 ,
1709 495 1758 525 ¹⁰·
1818 538 1827 550 ,

181 578 377 619 tantum
398 571 639 619 libertatis
675 571 768 620 sibi
798 571 994 630 retinet,
1028 578 1267 634 quantum
1304 572 1483 620 suffieit
1520 572 1584 620 ad

181 646 308 694 bene
349 654 399 695 et
439 648 703 710 tranquille
739 647 1035 700 vivendum;
1085 655 1280 695 tantum
1318 648 1438 695 item
1478 648 1583 696 aliis

181 721 432 782 adimitur,
456 731 514 771 ut
535 740 636 771 non
671 724 768 772 sint
802 723 1068 771 metuendi.
1139 724 1294 771 Extra
1317 724 1583 782 civitatem,

182 799 447 862 unicuique
483 799 554 847 ita
588 800 669 863 jus
695 807 769 848 est
793 800 856 848 ad
880 800 1059 859 omnia,
1091 807 1148 847 ut
1182 807 1348 847 tamen
1371 799 1508 847 nulla
1530 815 1585 846 re

182 874 281 923 frui
298 878 454 938 possit
473 895 483 923 :
520 875 572 923 in
591 876 790 924 civitate
809 892 940 935 vero,
965 875 1299 939 unusquisque
1322 875 1464 923 finito
1474 875 1586 938 jure

184 966 354 999 secure
376 951 569 999 fruitur.
607 952 760 1000 Extra
783 952 1047 1012 civitatem,
1073 952 1280 1015 quilibet
1304 968 1334 999 a
1368 951 1588 1015 quolibet

179 1028 292 1092 jure
333 1027 532 1090 spoliari
569 1035 620 1075 et
660 1028 819 1076 occidi
858 1035 1052 1091 potest:
1089 1028 1141 1075 in
1179 1027 1378 1075 civitate
1402 1028 1463 1075 ab
1486 1043 1587 1075 uno

185 1110 395 1151 tantum.
479 1104 633 1151 Extra
656 1104 922 1164 civitatem,
947 1104 1158 1168 propriis
1182 1111 1379 1152 tantum
1401 1103 1589 1151 viribus

185 1179 521 1244 protegimur:
559 1179 608 1228 in
635 1180 849 1239 civitate,
875 1180 1108 1228 omnium.
1144 1180 1298 1228 Extra
1323 1180 1588 1238 civitatem,

185 1250 375 1303 fructus
391 1255 452 1303 ab
471 1254 714 1303 industria
732 1255 917 1303 nemini
941 1264 1104 1304 certus
1125 1276 1138 1311 ;
1173 1256 1225 1304 in
1250 1256 1465 1315 civitate,
1486 1272 1591 1303 om-

186 1330 347 1380 nibus.
416 1331 656 1395 Denique,
682 1340 822 1380 extra
859 1332 1124 1392 civitatem,
1149 1332 1411 1396 imperium
1448 1332 1593 1379 affee-

186 1414 343 1466 tuum,
365 1407 564 1466 bellum,
605 1415 780 1468 metus,
817 1417 1097 1471 paupertas,
1123 1408 1333 1468 foeditas,
1359 1407 1590 1465 solitudo,

186 1483 453 1543 barbaries,
478 1484 773 1547 ignorantia,
788 1484 986 1532 feritas:
1023 1484 1076 1531 in
1101 1484 1317 1543 civitate,
1332 1483 1592 1547 imperium

188 1559 408 1619 rationis,
450 1576 562 1624 pax,
601 1560 854 1620 securitas,
894 1561 1092 1620 divitiae,
1126 1568 1344 1619 ornatus,
1369 1560 1592 1618 societas,

189 1635 449 1700 elegantia,
475 1635 708 1695 seientiae,
732 1637 1090 1684 benevolentia.

258 1719 306 1761 2.
340 1711 632 1760 Aristoteles
672 1711 1025 1773 (Politicorum
1066 1713 1180 1760 libri
1204 1713 1400 1776 septimi
1433 1712 1595 1776 capite
1613 1725 1788 1777 13nperantis
1802 1727 1831 1753 et

193 1788 618 1854 quatuordecimo)
662 1788 759 1836 duo
804 1805 908 1836 esse
949 1789 1019 1836 ait
1064 1805 1247 1852 genera
1283 1789 1594 1853 regiminum,
1613 1768 1849 1841 {ffiffifflssffa

193 1881 402 1930 quorum
427 1864 636 1912 alterum
671 1864 735 1912 ad
758 1865 1072 1930 imperanti&
1096 1865 1307 1913 alterum
1340 1866 1403 1913 ad
1425 1864 1594 1912 subdi-
1614 1861 1643 1886 ‘³‘
1655 1856 1849 1886 1⁰⁰⁰¹¹¹¹¹¹⁰d⁸³

193 1949 354 1991 torum
377 1940 690 1989 commodum
707 1941 951 2004 dirigitur.
990 1941 1144 1989 Quasi
1167 1941 1254 1988 ubi
1270 1942 1400 1989 cives
1425 1941 1594 1988 durius

193 2024 486 2075 tractantur,
524 2016 593 2063 ibi
641 2034 739 2064 una
756 2035 775 2072 ;
810 2017 895 2064 ubi
932 2016 1114 2076 mitius,
1152 2017 1221 2065 ibi
1262 2017 1370 2065 alia
1411 2017 1598 2081 species

195 2100 324 2142 esset
347 2092 591 2148 civitatis3
630 2092 763 2155 quod
802 2093 846 2140 ei
884 2092 1083 2140 minime
1108 2093 1479 2141 concedendum
1504 2100 1594 2142 est.

197 2171 324 2221 Sunt
366 2169 498 2217 enim
544 2169 841 2234 imperantis
888 2178 938 2217 et
979 2169 1290 2217 subditorum
1331 2170 1503 2218 eadem
1550 2177 1600 2218 et

197 2246 478 2295 communia
503 2246 760 2293 commoda
783 2253 833 2293 et
854 2246 1166 2294 incommoda
1197 2247 1377 2306 omnia,
1403 2264 1513 2310 quae
1540 2264 1601 2295 ex

195 2323 436 2386 regimine
461 2322 702 2370 oriuntur.
773 2323 1108 2381 Incommoda,
1153 2339 1262 2387 quae
1300 2323 1395 2370 civi
1435 2323 1598 2381 alicui,

0 2348 13 2446 i
196 2398 484 2457 infortunio,
505 2398 728 2458 stultitia,
748 2399 1065 2463 negligentia,
1086 2399 1294 2463 ignavia,
1314 2399 1393 2447 vel
1407 2399 1602 2447 luxuria

199 2492 287 2525 sua
309 2475 555 2534 accidunt,
581 2492 611 2522 a
633 2476 850 2539 regentis
882 2476 1206 2524 incommodis
1239 2476 1455 2540 separari
1490 2492 1604 2539 pos-

200 2558 345 2600 sunt:
381 2551 468 2599 sed
490 2568 591 2599 non
623 2559 738 2599 sunt
778 2552 861 2599 illa
901 2553 1153 2616 regiminis
1192 2553 1520 2611 incommoda,
1545 2559 1602 2601 ut

202 2644 312 2692 quae
335 2627 387 2677 in
413 2627 630 2691 qualibet
650 2628 849 2676 civitate
868 2629 1090 2677 accidere
1108 2638 1327 2692 possunt.
1398 2628 1600 2688 Eadem,

201 2704 243 2755 si
266 2703 497 2752 accidunt
521 2721 550 2751 a
573 2704 732 2767 prima
767 2705 979 2752 civitatis
1011 2705 1338 2765 institutione,
1377 2705 1605 2753 dicentur

203 2780 402 2844 quidem
438 2780 692 2844 regiminis
726 2780 1053 2839 incommoda,
1093 2781 1180 2829 sed
1216 2781 1309 2845 ipsi
1340 2781 1604 2845 imperanti

204 2871 318 2903 cum
336 2856 523 2904 civibus
541 2857 820 2904 communia
834 2864 994 2916 erunt,
1012 2857 1138 2905 sicut
1157 2858 1437 2905 communia
1454 2857 1604 2906 etiam

205 2939 321 2981 sunt
338 2947 507 2980 eorum
523 2933 795 2982 commoda.
834 2933 1050 2983 Primum
1074 2943 1238 2983 autem
1263 2942 1314 2983 et
1335 2934 1604 2986 maximum
