2020 3262
178 375 303 407 SECT.
330 376 383 408 11.

257 426 308 457 12.

436 235 525 278 108
943 249 1013 282 DE
1042 250 1280 284 HOMINE.

430 356 662 406 dentium.
732 358 858 407 Nam
889 360 929 407 si
959 361 1064 423 quis
1089 361 1271 409 dictum
1295 361 1489 424 aliquod
1513 361 1703 422 dixerit,
1722 362 1799 412 vel

428 431 610 480 factum
643 433 838 496 aliquod
866 435 1128 499 egregium,
1164 443 1219 484 ut
1253 437 1344 483 sibi
1374 436 1581 496 videtur,
1613 437 1797 498 fecerit,

177 519 412 558 Risusetfletus.
428 523 637 571 pronum
660 508 703 556 ei
727 515 800 556 est
834 510 1006 557 ridere.
1076 511 1199 558 Item
1234 511 1273 558 si
1307 511 1427 559 alius
1463 512 1639 559 dixerit
1671 512 1799 560 fece-

200 2389 289 2416 Amor
301 2397 396 2417 rerum

196 2435 387 2461 externarum.

428 581 550 630 ritve
574 583 754 646 aliquid
787 584 1027 644 indecore,
1064 587 1257 649 quicum
1288 602 1338 633 se
1362 603 1645 649 comparans
1669 603 1800 635 com-

429 657 699 706 mendatior
722 659 812 706 sibi
830 660 886 706 fit
910 676 1053 722 quam
1077 669 1203 720 ante,
1227 661 1308 708 vix
1325 662 1507 724 poterit
1526 678 1630 710 sese
1653 678 1683 710 a
1700 663 1801 711 risu

429 733 686 780 abstinere.
733 734 797 781 Et
813 734 1149 782 universaliter
1168 736 1326 798 passio
1342 736 1618 796 ridentium,
1636 746 1709 785 est
1726 737 1800 785 sui

430 808 519 855 sibi
555 824 615 855 ex
649 809 878 856 indecoro
914 810 1070 858 alieno
1095 811 1252 858 subita
1275 811 1645 860 commendatio.
1715 812 1799 860 Ri-

430 882 571 929 detur
601 899 716 946 ergo
751 883 870 931 nihil
902 884 1003 931 fere
1038 885 1130 932 nisi
1164 886 1402 941 subitum3
1438 902 1596 948 neque
1631 886 1800 934 eadem

427 973 504 1005 res
541 974 695 1021 neque
735 959 881 1006 iidem
912 960 1011 1022 joci
1051 961 1225 1023 saepius
1260 961 1481 1009 ridentur
1516 962 1576 1009 ab
1611 962 1798 1010 iisdem,

429 1033 710 1081 Amicorum
748 1041 911 1082 autem
950 1035 1026 1082 vel
1060 1036 1532 1099 consanguineorum
1571 1037 1800 1085 indecora

429 1124 528 1155 non
556 1108 789 1164 ridentur,
823 1110 935 1172 quia
969 1127 1067 1158 11011
1101 1118 1214 1158 sunt
1248 1111 1418 1158 aliena.
1490 1112 1613 1161 Quae
1647 1112 1800 1160 risum

430 1198 546 1245 ergo
569 1192 764 1231 movent
789 1185 884 1231 tria
912 1192 1024 1232 sunt
1056 1186 1342 1248 conjuncta3
1378 1186 1677 1245 indecorum,
1713 1187 1800 1235 ali-

430 1274 589 1316 enum,
610 1266 658 1305 et
681 1259 907 1306 subitum.

496 1333 738 1380 Flentium
773 1335 931 1396 passio
970 1342 1141 1382 contra
1164 1343 1252 1393 est,
1280 1336 1472 1397 quando
1497 1336 1604 1399 quis
1627 1336 1688 1383 ab
1712 1335 1799 1383 ali-

431 1424 526 1470 qua
560 1409 834 1456 vehementi
875 1426 959 1472 spe
1001 1410 1159 1458 subito
1197 1426 1247 1457 se
1287 1410 1528 1473 dejectum
1568 1411 1796 1474 concipit.

431 1483 601 1546 Itaque
625 1500 708 1546 spe
733 1484 918 1532 dilatati
942 1485 1137 1547 spiritus
1156 1486 1400 1543 animales,
1420 1486 1578 1533 subito
1602 1486 1798 1534 fallente

430 1575 513 1621 spe
538 1560 792 1618 contracti,
817 1560 1052 1623 impetum
1083 1561 1134 1608 in
1166 1577 1348 1624 organa
1377 1561 1660 1609 lacrimandi
1681 1560 1799 1608 faci—

429 1641 580 1693 entes,
616 1634 886 1693 humorem,
925 1635 1007 1698 qui
1043 1635 1094 1682 in
1133 1635 1225 1682 illis
1257 1642 1344 1694 est,
1384 1635 1435 1682 in
1466 1635 1630 1683 oculos
1669 1635 1800 1698 cogit

428 1709 715 1757 redundare.
785 1710 1051 1758 Plurimum
1088 1718 1138 1758 et
1175 1711 1349 1773 saepius
1385 1711 1520 1769 flent,
1545 1711 1627 1774 qui
1664 1726 1800 1773 spem

428 1785 478 1831 in
518 1801 568 1832 se
607 1785 870 1844 minimam,
907 1785 957 1833 in
1002 1785 1167 1833 amicis
1212 1785 1469 1848 plurimam
1514 1786 1709 1844 habent,
1745 1791 1802 1833 ut

428 1859 622 1908 feminae
646 1867 696 1907 et
718 1860 943 1907 infantes.
1014 1860 1277 1907 Plurimum
1301 1860 1477 1918 rident,
1503 1860 1585 1923 qui
1608 1877 1638 1908 a
1658 1860 1798 1908 factis

430 1936 526 1983 suis
548 1935 867 1982 laudabilibus
885 1935 1188 1998 paucissima,
1214 1936 1274 1983 ab
1306 1935 1511 1982 aliorum
1533 1935 1673 1983 factis
1697 1943 1800 1983 tur-

429 2011 570 2073 pibus
611 2011 802 2058 virtutis
844 2027 942 2058 suae
979 2011 1188 2073 plurima
1223 2018 1511 2073 argumenta
1548 2011 1798 2074 colligunt.

432 2086 571 2134 Flent
595 2102 787 2149 quoque
810 2086 1070 2148 aliquando
1093 2093 1202 2150 post
1234 2086 1328 2133 iras
1352 2085 1496 2133 amici
1518 2085 1569 2132 in
1591 2085 1800 2148 gratiam

430 2161 702 2208 redeuntes.
770 2161 858 2208 Est
896 2161 1024 2208 enim
1056 2161 1230 2208 reditio
1253 2161 1303 2207 in
1327 2160 1534 2223 gratiam
1558 2159 1800 2207 tendentis

431 2236 494 2283 ad
515 2236 778 2283 vindictam
802 2235 960 2283 subita
983 2236 1130 2283 animi
1153 2235 1358 2298 repulsa.
1428 2234 1565 2282 Flent
1589 2249 1721 2297 ergo,
1745 2241 1801 2282 ut

431 2312 568 2374 pueri
586 2312 742 2359 inulti.

499 2392 544 2435 8.
580 2388 746 2445 Amor,
771 2387 811 2434 si
835 2387 1124 2450 conspicuus
1150 2385 1227 2445 sit,
1253 2386 1303 2433 in
1336 2392 1408 2433 tot
1432 2384 1678 2448 passiones
1699 2384 1800 2432 fere

432 2461 676 2522 dividitur,
697 2472 815 2525 quot
852 2469 965 2510 sunt
988 2461 1164 2509 amoris
1188 2461 1392 2524 objecta.
1463 2460 1531 2507 Ut
1561 2475 1696 2507 amor
1714 2476 1800 2522 pe-

432 2538 603 2595 cuniae,
637 2554 773 2585 amor
802 2537 1050 2600 potentiae,
1072 2552 1207 2584 amor
1231 2535 1462 2594 scientiae,
1489 2541 1580 2582 etc.
1648 2535 1800 2583 Amor

429 2613 663 2674 pecuniae,
689 2613 729 2660 si
751 2612 949 2681 modum
974 2611 1192 2668 excedat,
1212 2609 1413 2658 avaritia
1433 2630 1445 2664 ;
1469 2625 1605 2656 amor
1626 2616 1798 2672 poten-

430 2688 512 2734 tiae
537 2687 702 2746 civilis,
729 2687 767 2735 si
797 2686 1145 2735 immoderatus
1180 2685 1258 2741 sit,
1282 2684 1479 2732 ambitio
1502 2684 1798 2733 nominatur.

429 2764 719 2811 Perturbant
742 2762 870 2809 enim
894 2769 942 2809 et
959 2767 1239 2824 pervertunt
1261 2759 1488 2806 animum.

495 2838 646 2885 Amor
671 2844 847 2895 autem,
874 2853 968 2899 quo
1005 2836 1152 2883 homo
1174 2834 1420 2882 hominem
1444 2840 1591 2893 amat,
1617 2833 1798 2897 duplici
