<?xml version="1.0" encoding="UTF-8"?>
<!DOCTYPE html PUBLIC "-//W3C//DTD XHTML 1.0 Transitional//EN"
    "http://www.w3.org/TR/xhtml1/DTD/xhtml1-transitional.dtd">
<html xmlns="http://www.w3.org/1999/xhtml" xml:lang="en" lang="en">
 <head>
  <title>
</title>
<meta http-equiv="Content-Type" content="text/html;charset=utf-8" />
  <meta name='ocr-system' content='tesseract 3.04.00' />
  <meta name='ocr-capabilities' content='ocr_page ocr_carea ocr_par ocr_line ocrx_word'/>
</head>
<body>
  <div class='ocr_page' id='page_1' title='image "./operaphilosophic02hobbuoft_0264.png"; bbox 0 0 2020 3262; ppageno 0'>
   <div class='ocr_carea' id='block_1_1' title="bbox 504 258 1337 309">
    <p class='ocr_par' dir='ltr' id='par_1_1' title="bbox 504 258 1337 309">
     <span class='ocr_line' id='line_1_1' title="bbox 504 258 1337 309; baseline -0.001 -7"><span class='ocrx_word' id='word_1_1' title='bbox 504 258 603 302; x_wconf 87' lang='lat'>250</span> <span class='ocrx_word' id='word_1_2' title='bbox 1034 269 1337 309; x_wconf 73' lang='lat' dir='ltr'><strong>IMPERIUM.</strong></span> 
     </span>
    </p>
   </div>
   <div class='ocr_carea' id='block_1_2' title="bbox 221 377 1887 2023">
    <p class='ocr_par' dir='ltr' id='par_1_2' title="bbox 221 377 1887 2023">
     <span class='ocr_line' id='line_1_2' title="bbox 241 377 1880 443; baseline 0.001 -16"><span class='ocrx_word' id='word_1_3' title='bbox 241 399 370 432; x_wconf 76' lang='lat' dir='ltr'>sECT.</span> <span class='ocrx_word' id='word_1_4' title='bbox 390 400 459 433; x_wconf 81' lang='lat'>111,</span> <span class='ocrx_word' id='word_1_5' title='bbox 499 379 633 427; x_wconf 92' lang='lat' dir='ltr'>initis</span> <span class='ocrx_word' id='word_1_6' title='bbox 657 378 962 427; x_wconf 85' lang='lat' dir='ltr'><strong>tradiderint.</strong></span> <span class='ocrx_word' id='word_1_7' title='bbox 1019 379 1182 442; x_wconf 83' lang='lat' dir='ltr'><strong>Atque</strong></span> <span class='ocrx_word' id='word_1_8' title='bbox 1207 379 1267 426; x_wconf 92' lang='lat' dir='ltr'>de</span> <span class='ocrx_word' id='word_1_9' title='bbox 1290 379 1383 426; x_wconf 91' lang='lat' dir='ltr'>hoc</span> <span class='ocrx_word' id='word_1_10' title='bbox 1406 377 1551 426; x_wconf 92' lang='lat' dir='ltr'>modo</span> <span class='ocrx_word' id='word_1_11' title='bbox 1576 377 1761 426; x_wconf 90' lang='lat' dir='ltr'>dictum</span> <span class='ocrx_word' id='word_1_12' title='bbox 1778 379 1880 443; x_wconf 87' lang='lat' dir='ltr'>jam</span> 
     </span>
     <span class='ocr_line' id='line_1_3' title="bbox 255 452 1882 516; baseline 0 -13"><span class='ocrx_word' id='word_1_13' title='bbox 255 496 266 508; x_wconf 79' lang='lat'>,</span> <span class='ocrx_word' id='word_1_14' title='bbox 346 452 377 482; x_wconf 70' lang='lat'>⁸⁴</span> <span class='ocrx_word' id='word_1_15' title='bbox 439 498 446 508; x_wconf 86' lang='lat'>,</span> <span class='ocrx_word' id='word_1_16' title='bbox 498 461 589 503; x_wconf 89' lang='lat' dir='ltr'>est.</span> <span class='ocrx_word' id='word_1_17' title='bbox 659 454 908 502; x_wconf 84' lang='lat' dir='ltr'><strong>Secundus</strong></span> <span class='ocrx_word' id='word_1_18' title='bbox 931 454 1104 502; x_wconf 91' lang='lat' dir='ltr'>modus</span> <span class='ocrx_word' id='word_1_19' title='bbox 1129 462 1217 513; x_wconf 90' lang='lat' dir='ltr'>est,</span> <span class='ocrx_word' id='word_1_20' title='bbox 1242 454 1282 502; x_wconf 89' lang='lat' dir='ltr'>si</span> <span class='ocrx_word' id='word_1_21' title='bbox 1310 454 1418 516; x_wconf 88' lang='lat' dir='ltr'>quis</span> <span class='ocrx_word' id='word_1_22' title='bbox 1451 453 1578 501; x_wconf 91' lang='lat' dir='ltr'>bello</span> <span class='ocrx_word' id='word_1_23' title='bbox 1614 460 1783 516; x_wconf 89' lang='lat' dir='ltr'>captus</span> <span class='ocrx_word' id='word_1_24' title='bbox 1804 454 1882 503; x_wconf 88' lang='lat' dir='ltr'>vel</span> 
     </span>
     <span class='ocr_line' id='line_1_4' title="bbox 500 529 1880 589; baseline -0.002 -10"><span class='ocrx_word' id='word_1_25' title='bbox 500 530 670 589; x_wconf 86' lang='lat' dir='ltr'>victus,</span> <span class='ocrx_word' id='word_1_26' title='bbox 703 536 788 577; x_wconf 90' lang='lat' dir='ltr'>aut</span> <span class='ocrx_word' id='word_1_27' title='bbox 828 530 1010 577; x_wconf 88' lang='lat' dir='ltr'>viribus</span> <span class='ocrx_word' id='word_1_28' title='bbox 1048 529 1286 589; x_wconf 90' lang='lat' dir='ltr'>diffidens,</span> <span class='ocrx_word' id='word_1_29' title='bbox 1319 536 1375 576; x_wconf 88' lang='lat' dir='ltr'>ut</span> <span class='ocrx_word' id='word_1_30' title='bbox 1410 536 1620 576; x_wconf 90' lang='lat' dir='ltr'>mortem</span> <span class='ocrx_word' id='word_1_31' title='bbox 1656 529 1880 588; x_wconf 87' lang='lat' dir='ltr'>declinet,</span> 
     </span>
     <span class='ocr_line' id='line_1_5' title="bbox 498 604 1883 668; baseline -0.001 -15"><span class='ocrx_word' id='word_1_32' title='bbox 498 605 673 653; x_wconf 88' lang='lat' dir='ltr'>victori</span> <span class='ocrx_word' id='word_1_33' title='bbox 693 605 770 652; x_wconf 91' lang='lat' dir='ltr'>vel</span> <span class='ocrx_word' id='word_1_34' title='bbox 791 605 982 652; x_wconf 87' lang='lat' dir='ltr'>fortiori</span> <span class='ocrx_word' id='word_1_35' title='bbox 1017 605 1273 668; x_wconf 87' lang='lat' dir='ltr'>promittit,</span> <span class='ocrx_word' id='word_1_36' title='bbox 1299 620 1350 652; x_wconf 89' lang='lat' dir='ltr'>se</span> <span class='ocrx_word' id='word_1_37' title='bbox 1373 604 1418 651; x_wconf 90' lang='lat' dir='ltr'>ei</span> <span class='ocrx_word' id='word_1_38' title='bbox 1453 604 1765 663; x_wconf 76' lang='lat' dir='ltr'>serviturum,</span> <span class='ocrx_word' id='word_1_39' title='bbox 1788 604 1883 652; x_wconf 88' lang='lat' dir='ltr'>hoc</span> 
     </span>
     <span class='ocr_line' id='line_1_6' title="bbox 481 679 1884 742; baseline -0.001 -14"><span class='ocrx_word' id='word_1_40' title='bbox 481 680 586 739; x_wconf 86' lang='grc' dir='ltr'><strong>θεῖ,</strong></span> <span class='ocrx_word' id='word_1_41' title='bbox 612 680 776 728; x_wconf 90' lang='lat' dir='ltr'>omnia</span> <span class='ocrx_word' id='word_1_42' title='bbox 807 679 1053 727; x_wconf 86' lang='lat' dir='ltr'>facturum</span> <span class='ocrx_word' id='word_1_43' title='bbox 1078 695 1186 742; x_wconf 89' lang='lat' dir='ltr'>quae</span> <span class='ocrx_word' id='word_1_44' title='bbox 1221 679 1495 742; x_wconf 84' lang='lat' dir='ltr'>imperabit.</span> <span class='ocrx_word' id='word_1_45' title='bbox 1564 679 1623 727; x_wconf 93' lang='lat' dir='ltr'>In</span> <span class='ocrx_word' id='word_1_46' title='bbox 1647 695 1742 742; x_wconf 93' lang='lat' dir='ltr'>quo</span> <span class='ocrx_word' id='word_1_47' title='bbox 1766 695 1884 727; x_wconf 91' lang='lat' dir='ltr'>con-</span> 
     </span>
     <span class='ocr_line' id='line_1_7' title="bbox 497 753 1883 817; baseline -0.001 -14"><span class='ocrx_word' id='word_1_48' title='bbox 497 761 661 803; x_wconf 87' lang='lat' dir='ltr'>tractu</span> <span class='ocrx_word' id='word_1_49' title='bbox 695 755 879 802; x_wconf 92' lang='lat' dir='ltr'>bonum</span> <span class='ocrx_word' id='word_1_50' title='bbox 915 754 1126 816; x_wconf 89' lang='lat' dir='ltr'>quidem,</span> <span class='ocrx_word' id='word_1_51' title='bbox 1153 754 1284 817; x_wconf 93' lang='lat' dir='ltr'>quod</span> <span class='ocrx_word' id='word_1_52' title='bbox 1313 754 1471 802; x_wconf 89' lang='lat' dir='ltr'>victus</span> <span class='ocrx_word' id='word_1_53' title='bbox 1494 754 1572 802; x_wconf 85' lang='lat' dir='ltr'>vel</span> <span class='ocrx_word' id='word_1_54' title='bbox 1593 754 1776 802; x_wconf 85' lang='lat' dir='ltr'>viribus</span> <span class='ocrx_word' id='word_1_55' title='bbox 1809 753 1883 802; x_wconf 91' lang='lat' dir='ltr'>in-</span> 
     </span>
     <span class='ocr_line' id='line_1_8' title="bbox 498 829 1884 894; baseline -0.001 -15"><span class='ocrx_word' id='word_1_56' title='bbox 498 831 646 879; x_wconf 90' lang='lat' dir='ltr'>ferior</span> <span class='ocrx_word' id='word_1_57' title='bbox 664 831 856 894; x_wconf 88' lang='lat' dir='ltr'>accipit,</span> <span class='ocrx_word' id='word_1_58' title='bbox 881 837 954 877; x_wconf 85' lang='lat' dir='ltr'>est</span> <span class='ocrx_word' id='word_1_59' title='bbox 975 830 1089 878; x_wconf 87' lang='lat' dir='ltr'>vitae</span> <span class='ocrx_word' id='word_1_60' title='bbox 1114 830 1426 889; x_wconf 84' lang='lat' dir='ltr'>condonatio,</span> <span class='ocrx_word' id='word_1_61' title='bbox 1452 846 1560 893; x_wconf 88' lang='lat' dir='ltr'>quae</span> <span class='ocrx_word' id='word_1_62' title='bbox 1569 831 1679 893; x_wconf 86' lang='lat' dir='ltr'>jure</span> <span class='ocrx_word' id='word_1_63' title='bbox 1695 829 1811 878; x_wconf 84' lang='lat' dir='ltr'>belli</span> <span class='ocrx_word' id='word_1_64' title='bbox 1831 830 1884 878; x_wconf 92' lang='lat' dir='ltr'>in</span> 
     </span>
     <span class='ocr_line' id='line_1_9' title="bbox 500 906 1885 969; baseline -0.002 -14"><span class='ocrx_word' id='word_1_65' title='bbox 500 913 632 955; x_wconf 90' lang='lat' dir='ltr'>statu</span> <span class='ocrx_word' id='word_1_66' title='bbox 647 907 898 955; x_wconf 90' lang='lat' dir='ltr'>hominum</span> <span class='ocrx_word' id='word_1_67' title='bbox 915 906 1126 954; x_wconf 91' lang='lat' dir='ltr'>naturali</span> <span class='ocrx_word' id='word_1_68' title='bbox 1143 906 1249 954; x_wconf 90' lang='lat' dir='ltr'>tolli</span> <span class='ocrx_word' id='word_1_69' title='bbox 1266 913 1458 969; x_wconf 87' lang='lat' dir='ltr'>poterat</span> <span class='ocrx_word' id='word_1_70' title='bbox 1475 925 1485 952; x_wconf 91' lang='lat'><strong>:</strong></span> <span class='ocrx_word' id='word_1_71' title='bbox 1520 906 1703 953; x_wconf 90' lang='lat' dir='ltr'>bonum</span> <span class='ocrx_word' id='word_1_72' title='bbox 1721 911 1885 955; x_wconf 86' lang='lat' dir='ltr'>autem</span> 
     </span>
     <span class='ocr_line' id='line_1_10' title="bbox 499 981 1882 1046; baseline -0.001 -16"><span class='ocrx_word' id='word_1_73' title='bbox 499 983 633 1046; x_wconf 92' lang='lat' dir='ltr'>quod</span> <span class='ocrx_word' id='word_1_74' title='bbox 689 982 949 1046; x_wconf 85' lang='lat' dir='ltr'>promittit,</span> <span class='ocrx_word' id='word_1_75' title='bbox 994 982 1318 1029; x_wconf 89' lang='lat' dir='ltr'>ministerium</span> <span class='ocrx_word' id='word_1_76' title='bbox 1364 989 1414 1029; x_wconf 91' lang='grc' dir='ltr'>θῖ</span> <span class='ocrx_word' id='word_1_77' title='bbox 1471 981 1750 1029; x_wconf 85' lang='lat' dir='ltr'>obedientia</span> <span class='ocrx_word' id='word_1_78' title='bbox 1793 987 1882 1028; x_wconf 87' lang='lat' dir='ltr'>est.</span> 
     </span>
     <span class='ocr_line' id='line_1_11' title="bbox 500 1055 1885 1121; baseline -0.003 -15"><span class='ocrx_word' id='word_1_79' title='bbox 500 1059 662 1121; x_wconf 91' lang='lat' dir='ltr'>Hujus</span> <span class='ocrx_word' id='word_1_80' title='bbox 701 1074 817 1121; x_wconf 86' lang='lat' dir='ltr'>ergo</span> <span class='ocrx_word' id='word_1_81' title='bbox 857 1058 1082 1120; x_wconf 84' lang='lat' dir='ltr'>promissi</span> <span class='ocrx_word' id='word_1_82' title='bbox 1117 1058 1166 1105; x_wconf 87' lang='lat' dir='ltr'>vi</span> <span class='ocrx_word' id='word_1_83' title='bbox 1213 1057 1415 1104; x_wconf 90' lang='lat' dir='ltr'>debetur</span> <span class='ocrx_word' id='word_1_84' title='bbox 1459 1073 1490 1104; x_wconf 92' lang='lat' dir='ltr'>a</span> <span class='ocrx_word' id='word_1_85' title='bbox 1533 1057 1664 1104; x_wconf 86' lang='lat' dir='ltr'>victo</span> <span class='ocrx_word' id='word_1_86' title='bbox 1709 1055 1885 1103; x_wconf 88' lang='lat' dir='ltr'>victori</span> 
     </span>
     <span class='ocr_line' id='line_1_12' title="bbox 499 1130 1886 1195; baseline -0.001 -15"><span class='ocrx_word' id='word_1_87' title='bbox 499 1133 822 1180; x_wconf 90' lang='lat' dir='ltr'>ministerium</span> <span class='ocrx_word' id='word_1_88' title='bbox 846 1140 895 1180; x_wconf 88' lang='lat' dir='ltr'>et</span> <span class='ocrx_word' id='word_1_89' title='bbox 930 1132 1204 1180; x_wconf 83' lang='lat' dir='ltr'>obedientia</span> <span class='ocrx_word' id='word_1_90' title='bbox 1237 1132 1472 1191; x_wconf 87' lang='lat' dir='ltr'>absoluta,</span> <span class='ocrx_word' id='word_1_91' title='bbox 1510 1138 1747 1195; x_wconf 90' lang='lat' dir='ltr'>quantum</span> <span class='ocrx_word' id='word_1_92' title='bbox 1779 1130 1886 1185; x_wconf 84' lang='lat' dir='ltr'>fieri</span> 
     </span>
     <span class='ocr_line' id='line_1_13' title="bbox 498 1205 1887 1271; baseline -0.001 -15"><span class='ocrx_word' id='word_1_93' title='bbox 498 1215 675 1271; x_wconf 86' lang='lat' dir='ltr'>potest,</span> <span class='ocrx_word' id='word_1_94' title='bbox 699 1208 794 1255; x_wconf 92' lang='lat' dir='ltr'>nisi</span> <span class='ocrx_word' id='word_1_95' title='bbox 818 1223 926 1271; x_wconf 87' lang='lat' dir='ltr'>quae</span> <span class='ocrx_word' id='word_1_96' title='bbox 943 1215 1181 1271; x_wconf 80' lang='lat' dir='ltr'>repugnet</span> <span class='ocrx_word' id='word_1_97' title='bbox 1202 1208 1389 1271; x_wconf 91' lang='lat' dir='ltr'>legibus</span> <span class='ocrx_word' id='word_1_98' title='bbox 1413 1207 1601 1255; x_wconf 89' lang='lat' dir='ltr'>divinis.</span> <span class='ocrx_word' id='word_1_99' title='bbox 1651 1206 1780 1255; x_wconf 92' lang='lat' dir='ltr'>Nam</span> <span class='ocrx_word' id='word_1_100' title='bbox 1803 1205 1887 1269; x_wconf 94' lang='lat' dir='ltr'>qui</span> 
     </span>
     <span class='ocr_line' id='line_1_14' title="bbox 500 1281 1886 1346; baseline -0.001 -16"><span class='ocrx_word' id='word_1_101' title='bbox 500 1284 742 1331; x_wconf 87' lang='lat' dir='ltr'>mandatis</span> <span class='ocrx_word' id='word_1_102' title='bbox 767 1285 1050 1346; x_wconf 89' lang='lat' dir='ltr'>cujusquam</span> <span class='ocrx_word' id='word_1_103' title='bbox 1075 1283 1272 1331; x_wconf 90' lang='lat' dir='ltr'>obedire</span> <span class='ocrx_word' id='word_1_104' title='bbox 1308 1290 1423 1331; x_wconf 92' lang='lat' dir='ltr'>ante</span> <span class='ocrx_word' id='word_1_105' title='bbox 1454 1281 1713 1345; x_wconf 81' lang='lat' dir='ltr'>obligatur,</span> <span class='ocrx_word' id='word_1_106' title='bbox 1739 1297 1886 1345; x_wconf 89' lang='lat' dir='ltr'>quam</span> 
     </span>
     <span class='ocr_line' id='line_1_15' title="bbox 501 1357 1885 1421; baseline -0.001 -16"><span class='ocrx_word' id='word_1_107' title='bbox 501 1358 620 1421; x_wconf 92' lang='lat' dir='ltr'>quid</span> <span class='ocrx_word' id='word_1_108' title='bbox 641 1359 964 1421; x_wconf 79' lang='lat' dir='ltr'>imperaturus</span> <span class='ocrx_word' id='word_1_109' title='bbox 995 1358 1058 1406; x_wconf 93' lang='lat' dir='ltr'>sit</span> <span class='ocrx_word' id='word_1_110' title='bbox 1094 1358 1230 1417; x_wconf 88' lang='lat' dir='ltr'>sciat,</span> <span class='ocrx_word' id='word_1_111' title='bbox 1254 1365 1448 1406; x_wconf 87' lang='lat' dir='ltr'>tenetur</span> <span class='ocrx_word' id='word_1_112' title='bbox 1476 1357 1540 1405; x_wconf 90' lang='lat' dir='ltr'>ad</span> <span class='ocrx_word' id='word_1_113' title='bbox 1562 1357 1726 1405; x_wconf 88' lang='lat' dir='ltr'>omnia</span> <span class='ocrx_word' id='word_1_114' title='bbox 1748 1372 1885 1404; x_wconf 90' lang='lat' dir='ltr'>man-</span> 
     </span>
     <span class='ocr_line' id='line_1_16' title="bbox 501 1431 1886 1495; baseline -0.001 -14"><span class='ocrx_word' id='word_1_115' title='bbox 501 1433 617 1481; x_wconf 87' lang='lat' dir='ltr'>data</span> <span class='ocrx_word' id='word_1_116' title='bbox 635 1433 931 1495; x_wconf 87' lang='lat' dir='ltr'>simpliciter,</span> <span class='ocrx_word' id='word_1_117' title='bbox 956 1439 1007 1481; x_wconf 91' lang='grc' dir='ltr'>θῖ</span> <span class='ocrx_word' id='word_1_118' title='bbox 1040 1433 1143 1481; x_wconf 92' lang='lat' dir='ltr'>sine</span> <span class='ocrx_word' id='word_1_119' title='bbox 1161 1434 1485 1481; x_wconf 87' lang='lat' dir='ltr'>restrictione.</span> <span class='ocrx_word' id='word_1_120' title='bbox 1553 1432 1681 1491; x_wconf 84' lang='lat' dir='ltr'>Jam,</span> <span class='ocrx_word' id='word_1_121' title='bbox 1707 1431 1791 1495; x_wconf 94' lang='lat' dir='ltr'>qui</span> <span class='ocrx_word' id='word_1_122' title='bbox 1815 1432 1886 1480; x_wconf 91' lang='lat' dir='ltr'>sic</span> 
     </span>
     <span class='ocr_line' id='line_1_17' title="bbox 500 1507 1885 1570; baseline -0.001 -13"><span class='ocrx_word' id='word_1_123' title='bbox 500 1516 697 1557; x_wconf 91' lang='lat' dir='ltr'>tenetur</span> <span class='ocrx_word' id='word_1_124' title='bbox 722 1523 951 1567; x_wconf 84' lang='lat' dir='ltr'>SERVUS,</span> <span class='ocrx_word' id='word_1_125' title='bbox 975 1508 1016 1556; x_wconf 92' lang='lat' dir='ltr'>is</span> <span class='ocrx_word' id='word_1_126' title='bbox 1041 1509 1120 1556; x_wconf 89' lang='lat' dir='ltr'>cui</span> <span class='ocrx_word' id='word_1_127' title='bbox 1143 1516 1339 1556; x_wconf 91' lang='lat' dir='ltr'>tenetur</span> <span class='ocrx_word' id='word_1_128' title='bbox 1371 1522 1627 1556; x_wconf 88' lang='lat' dir='ltr'>DOMINUS</span> <span class='ocrx_word' id='word_1_129' title='bbox 1670 1507 1885 1570; x_wconf 86' lang='lat' dir='ltr'>appella-</span> 
     </span>
     <span class='ocr_line' id='line_1_18' title="bbox 500 1583 1884 1646; baseline -0.001 -15"><span class='ocrx_word' id='word_1_130' title='bbox 500 1591 600 1631; x_wconf 90' lang='lat' dir='ltr'>tur.</span> <span class='ocrx_word' id='word_1_131' title='bbox 668 1583 851 1642; x_wconf 88' lang='lat' dir='ltr'>Tertio,</span> <span class='ocrx_word' id='word_1_132' title='bbox 877 1583 1147 1645; x_wconf 91' lang='lat' dir='ltr'>acquiritur</span> <span class='ocrx_word' id='word_1_133' title='bbox 1164 1584 1243 1645; x_wconf 86' lang='lat' dir='ltr'>jus</span> <span class='ocrx_word' id='word_1_134' title='bbox 1266 1583 1318 1630; x_wconf 93' lang='lat' dir='ltr'>in</span> <span class='ocrx_word' id='word_1_135' title='bbox 1340 1599 1598 1646; x_wconf 85' lang='lat' dir='ltr'>personam</span> <span class='ocrx_word' id='word_1_136' title='bbox 1624 1597 1714 1645; x_wconf 89' lang='lat' dir='ltr'>per</span> <span class='ocrx_word' id='word_1_137' title='bbox 1736 1597 1884 1646; x_wconf 90' lang='lat' dir='ltr'>gene-</span> 
     </span>
     <span class='ocr_line' id='line_1_19' title="bbox 501 1657 1885 1721; baseline -0.002 -14"><span class='ocrx_word' id='word_1_138' title='bbox 501 1659 743 1707; x_wconf 92' lang='lat' dir='ltr'>rationem</span> <span class='ocrx_word' id='word_1_139' title='bbox 764 1679 776 1714; x_wconf 94' lang='lat'>;</span> <span class='ocrx_word' id='word_1_140' title='bbox 813 1658 873 1705; x_wconf 91' lang='lat' dir='ltr'>de</span> <span class='ocrx_word' id='word_1_141' title='bbox 897 1674 992 1721; x_wconf 93' lang='lat' dir='ltr'>quo</span> <span class='ocrx_word' id='word_1_142' title='bbox 1008 1658 1339 1721; x_wconf 86' lang='lat' dir='ltr'>acquisitionis</span> <span class='ocrx_word' id='word_1_143' title='bbox 1357 1657 1504 1705; x_wconf 92' lang='lat' dir='ltr'>modo</span> <span class='ocrx_word' id='word_1_144' title='bbox 1524 1657 1712 1705; x_wconf 87' lang='lat' dir='ltr'>dicetur</span> <span class='ocrx_word' id='word_1_145' title='bbox 1727 1657 1885 1721; x_wconf 86' lang='lat' dir='ltr'>capite</span> 
     </span>
     <span class='ocr_line' id='line_1_20' title="bbox 503 1734 741 1798; baseline -0.004 -15"><span class='ocrx_word' id='word_1_146' title='bbox 503 1734 741 1798; x_wconf 90' lang='lat' dir='ltr'>sequenti.</span> 
     </span>
     <span class='ocr_line' id='line_1_21' title="bbox 222 1806 1885 1871; baseline -0.001 -13"><span class='ocrx_word' id='word_1_147' title='bbox 222 1828 379 1858; x_wconf 72' lang='lat' dir='ltr'>msfincfio</span> <span class='ocrx_word' id='word_1_148' title='bbox 396 1837 487 1858; x_wconf 69' lang='lat' dir='ltr'>sem</span> <span class='ocrx_word' id='word_1_149' title='bbox 569 1817 616 1859; x_wconf 84' lang='lat'>2.</span> <span class='ocrx_word' id='word_1_150' title='bbox 653 1811 768 1859; x_wconf 94' lang='lat' dir='ltr'>Non</span> <span class='ocrx_word' id='word_1_151' title='bbox 801 1809 957 1857; x_wconf 91' lang='lat' dir='ltr'>omnis</span> <span class='ocrx_word' id='word_1_152' title='bbox 979 1808 1106 1856; x_wconf 90' lang='lat' dir='ltr'>bello</span> <span class='ocrx_word' id='word_1_153' title='bbox 1131 1815 1317 1871; x_wconf 89' lang='lat' dir='ltr'>captus,</span> <span class='ocrx_word' id='word_1_154' title='bbox 1342 1809 1480 1871; x_wconf 90' lang='lat' dir='ltr'>cujus</span> <span class='ocrx_word' id='word_1_155' title='bbox 1503 1807 1620 1855; x_wconf 86' lang='lat' dir='ltr'>vitae</span> <span class='ocrx_word' id='word_1_156' title='bbox 1641 1806 1885 1870; x_wconf 87' lang='lat' dir='ltr'>parcitum</span> 
     </span>
     <span class='ocr_line' id='line_1_22' title="bbox 221 1872 1887 1949; baseline -0.001 -15"><span class='ocrx_word' id='word_1_157' title='bbox 221 1872 489 1944; x_wconf 52' lang='lat' dir='ltr'>fflffiiffffiffi</span> <span class='ocrx_word' id='word_1_158' title='bbox 504 1893 593 1945; x_wconf 89' lang='grc' dir='ltr'><strong>θεῖ,</strong></span> <span class='ocrx_word' id='word_1_159' title='bbox 611 1885 791 1949; x_wconf 89' lang='lat' dir='ltr'>pacisci</span> <span class='ocrx_word' id='word_1_160' title='bbox 809 1901 919 1932; x_wconf 91' lang='lat' dir='ltr'>cum</span> <span class='ocrx_word' id='word_1_161' title='bbox 938 1884 1133 1932; x_wconf 91' lang='lat' dir='ltr'>domino</span> <span class='ocrx_word' id='word_1_162' title='bbox 1151 1884 1467 1947; x_wconf 84' lang='lat' dir='ltr'>intelligitur:</span> <span class='ocrx_word' id='word_1_163' title='bbox 1505 1883 1619 1946; x_wconf 92' lang='lat' dir='ltr'>quia</span> <span class='ocrx_word' id='word_1_164' title='bbox 1634 1898 1735 1930; x_wconf 91' lang='lat' dir='ltr'>non</span> <span class='ocrx_word' id='word_1_165' title='bbox 1754 1881 1887 1932; x_wconf 84' lang='lat' dir='ltr'>omni</span> 
     </span>
     <span class='ocr_line' id='line_1_23' title="bbox 222 1957 1887 2023; baseline -0.002 -14"><span class='ocrx_word' id='word_1_166' title='bbox 222 1962 281 1987; x_wconf 49' lang='grc' dir='ltr'>ἴδω</span> <span class='ocrx_word' id='word_1_167' title='bbox 293 1960 432 1986; x_wconf 58' lang='lat' dir='ltr'><strong>fruuntur</strong></span> <span class='ocrx_word' id='word_1_168' title='bbox 441 1967 489 1986; x_wconf 53' lang='lat'>¹¹²*</span> <span class='ocrx_word' id='word_1_169' title='bbox 503 1962 574 2009; x_wconf 91' lang='lat' dir='ltr'>ita</span> <span class='ocrx_word' id='word_1_170' title='bbox 618 1961 849 2019; x_wconf 89' lang='lat' dir='ltr'>creditur,</span> <span class='ocrx_word' id='word_1_171' title='bbox 894 1966 951 2008; x_wconf 91' lang='lat' dir='ltr'>ut</span> <span class='ocrx_word' id='word_1_172' title='bbox 988 1960 1292 2023; x_wconf 90' lang='lat' dir='ltr'>relinquatur</span> <span class='ocrx_word' id='word_1_173' title='bbox 1331 1960 1375 2007; x_wconf 91' lang='lat' dir='ltr'>ei</span> <span class='ocrx_word' id='word_1_174' title='bbox 1416 1966 1610 2007; x_wconf 87' lang='lat' dir='ltr'>tantum</span> <span class='ocrx_word' id='word_1_175' title='bbox 1647 1957 1887 2006; x_wconf 83' lang='lat' dir='ltr'>libertatis</span> 
     </span>
    </p>
   </div>
   <div class='ocr_carea' id='block_1_3' title="bbox 222 2002 1886 2098">
    <p class='ocr_par' dir='ltr' id='par_1_3' title="bbox 222 2002 1886 2098">
     <span class='ocr_line' id='line_1_24' title="bbox 303 2003 489 2028; baseline 0 -19"><span class='ocrx_word' id='word_1_176' title='bbox 303 2003 308 2009; x_wconf 95' lang='lat'>.</span> <span class='ocrx_word' id='word_1_177' title='bbox 446 2004 489 2028; x_wconf 43' lang='lat' dir='ltr'>tu·</span> 
     </span>
     <span class='ocr_line' id='line_1_25' title="bbox 222 2002 1886 2098; baseline -0.001 -16"><span class='ocrx_word' id='word_1_178' title='bbox 222 2002 354 2073; x_wconf 43' lang='lat' dir='ltr'>{181³th</span> <span class='ocrx_word' id='word_1_179' title='bbox 363 2011 488 2082; x_wconf 45' lang='lat' dir='ltr'>{tisasqui</span> <span class='ocrx_word' id='word_1_180' title='bbox 503 2036 752 2094; x_wconf 88' lang='lat' dir='ltr'>naturalis,</span> <span class='ocrx_word' id='word_1_181' title='bbox 776 2043 832 2083; x_wconf 90' lang='lat' dir='ltr'>ut</span> <span class='ocrx_word' id='word_1_182' title='bbox 861 2036 938 2083; x_wconf 88' lang='lat' dir='ltr'>vel</span> <span class='ocrx_word' id='word_1_183' title='bbox 961 2035 1207 2098; x_wconf 80' lang='lat' dir='ltr'>aufugere,</span> <span class='ocrx_word' id='word_1_184' title='bbox 1233 2036 1310 2083; x_wconf 86' lang='lat' dir='ltr'>vel</span> <span class='ocrx_word' id='word_1_185' title='bbox 1344 2034 1668 2082; x_wconf 89' lang='lat' dir='ltr'>ministerium</span> <span class='ocrx_word' id='word_1_186' title='bbox 1696 2033 1886 2081; x_wconf 51' lang='lat' dir='ltr'>detrec*</span> 
     </span>
    </p>
   </div>
   <div class='ocr_carea' id='block_1_4' title="bbox 222 2088 1956 2850">
    <p class='ocr_par' dir='ltr' id='par_1_4' title="bbox 222 2088 1212 2120">
     <span class='ocr_line' id='line_1_26' title="bbox 222 2088 1212 2120; baseline 0.004 -4"><span class='ocrx_word' id='word_1_187' title='bbox 222 2097 338 2116; x_wconf 83' lang='lat' dir='ltr'>carcere</span> <span class='ocrx_word' id='word_1_188' title='bbox 350 2088 397 2116; x_wconf 79' lang='lat' dir='ltr'>vel</span> <span class='ocrx_word' id='word_1_189' title='bbox 415 2097 488 2116; x_wconf 88' lang='lat' dir='ltr'>com·</span> <span class='ocrx_word' id='word_1_190' title='bbox 920 2111 930 2119; x_wconf 91' lang='lat'><em>.</em></span> <span class='ocrx_word' id='word_1_191' title='bbox 1027 2111 1037 2119; x_wconf 93' lang='lat'>.</span> <span class='ocrx_word' id='word_1_192' title='bbox 1203 2110 1212 2120; x_wconf 82' lang='lat'>.</span> 
     </span>
    </p>

    <p class='ocr_par' dir='ltr' id='par_1_5' title="bbox 223 2107 1886 2170">
     <span class='ocr_line' id='line_1_27' title="bbox 223 2107 1886 2170; baseline -0.002 -11"><span class='ocrx_word' id='word_1_193' title='bbox 223 2132 346 2169; x_wconf 84' lang='lat' dir='ltr'>pedibus</span> <span class='ocrx_word' id='word_1_194' title='bbox 377 2131 469 2160; x_wconf 63' lang='lat' dir='ltr'>vinca</span> <span class='ocrx_word' id='word_1_195' title='bbox 503 2118 625 2170; x_wconf 88' lang='lat' dir='ltr'>tare,</span> <span class='ocrx_word' id='word_1_196' title='bbox 661 2112 739 2159; x_wconf 86' lang='lat' dir='ltr'>vel</span> <span class='ocrx_word' id='word_1_197' title='bbox 774 2111 1042 2159; x_wconf 78' lang='lat' dir='ltr'>machinam</span> <span class='ocrx_word' id='word_1_198' title='bbox 1084 2111 1275 2158; x_wconf 83' lang='lat' dir='ltr'>dommo</span> <span class='ocrx_word' id='word_1_199' title='bbox 1313 2110 1494 2157; x_wconf 89' lang='lat' dir='ltr'>malum</span> <span class='ocrx_word' id='word_1_200' title='bbox 1525 2116 1610 2157; x_wconf 93' lang='lat' dir='ltr'>aut</span> <span class='ocrx_word' id='word_1_201' title='bbox 1655 2107 1886 2156; x_wconf 87' lang='lat' dir='ltr'>damnum</span> 
     </span>
    </p>

    <p class='ocr_par' dir='ltr' id='par_1_6' title="bbox 223 2174 1956 2610">
     <span class='ocr_line' id='line_1_28' title="bbox 223 2174 1883 2250; baseline -0.004 -15"><span class='ocrx_word' id='word_1_202' title='bbox 223 2174 363 2203; x_wconf 36' lang='lat' dir='ltr'><strong>“munt</strong></span> <span class='ocrx_word' id='word_1_203' title='bbox 504 2186 716 2250; x_wconf 84' lang='lat' dir='ltr'>aliquod,</span> <span class='ocrx_word' id='word_1_204' title='bbox 741 2187 781 2234; x_wconf 87' lang='lat' dir='ltr'>si</span> <span class='ocrx_word' id='word_1_205' title='bbox 805 2186 983 2249; x_wconf 86' lang='lat' dir='ltr'>cupiat,</span> <span class='ocrx_word' id='word_1_206' title='bbox 1008 2185 1175 2248; x_wconf 90' lang='lat' dir='ltr'>possit.</span> <span class='ocrx_word' id='word_1_207' title='bbox 1244 2186 1309 2232; x_wconf 89' lang='lat' dir='ltr'>Et</span> <span class='ocrx_word' id='word_1_208' title='bbox 1345 2184 1561 2232; x_wconf 86' lang='lat' dir='ltr'>serviunt</span> <span class='ocrx_word' id='word_1_209' title='bbox 1584 2182 1778 2246; x_wconf 88' lang='lat' dir='ltr'>quidem</span> <span class='ocrx_word' id='word_1_210' title='bbox 1814 2182 1883 2240; x_wconf 93' lang='lat' dir='ltr'>hi,</span> 
     </span>
     <span class='ocr_line' id='line_1_29' title="bbox 505 2258 1885 2324; baseline -0.002 -15"><span class='ocrx_word' id='word_1_211' title='bbox 505 2262 591 2310; x_wconf 90' lang='lat' dir='ltr'>sed</span> <span class='ocrx_word' id='word_1_212' title='bbox 613 2261 743 2309; x_wconf 86' lang='lat' dir='ltr'>intra</span> <span class='ocrx_word' id='word_1_213' title='bbox 767 2261 1024 2324; x_wconf 87' lang='lat' dir='ltr'>ergastula,</span> <span class='ocrx_word' id='word_1_214' title='bbox 1038 2261 1114 2308; x_wconf 89' lang='lat' dir='ltr'>vel</span> <span class='ocrx_word' id='word_1_215' title='bbox 1139 2260 1453 2324; x_wconf 88' lang='lat' dir='ltr'>compedibus</span> <span class='ocrx_word' id='word_1_216' title='bbox 1480 2259 1654 2314; x_wconf 82' lang='lat' dir='ltr'>vincti3</span> <span class='ocrx_word' id='word_1_217' title='bbox 1678 2258 1885 2322; x_wconf 92' lang='lat' dir='ltr'>ideoque</span> 
     </span>
     <span class='ocr_line' id='line_1_30' title="bbox 503 2333 1886 2392; baseline -0.003 -7"><span class='ocrx_word' id='word_1_218' title='bbox 503 2338 805 2385; x_wconf 89' lang='lat' dir='ltr'>vocabantur</span> <span class='ocrx_word' id='word_1_219' title='bbox 827 2353 926 2384; x_wconf 91' lang='lat' dir='ltr'>non</span> <span class='ocrx_word' id='word_1_220' title='bbox 960 2336 1106 2384; x_wconf 92' lang='lat' dir='ltr'>modo</span> <span class='ocrx_word' id='word_1_221' title='bbox 1129 2337 1263 2384; x_wconf 77' lang='lat' dir='ltr'>servi</span> <span class='ocrx_word' id='word_1_222' title='bbox 1299 2335 1543 2384; x_wconf 91' lang='lat' dir='ltr'>communi</span> <span class='ocrx_word' id='word_1_223' title='bbox 1565 2333 1775 2392; x_wconf 88' lang='lat' dir='ltr'>nomine,</span> <span class='ocrx_word' id='word_1_224' title='bbox 1800 2334 1886 2382; x_wconf 89' lang='lat' dir='ltr'>sed</span> 
     </span>
     <span class='ocr_line' id='line_1_31' title="bbox 505 2406 1956 2475; baseline -0.002 -15"><span class='ocrx_word' id='word_1_225' title='bbox 505 2412 651 2460; x_wconf 88' lang='lat' dir='ltr'>etiam</span> <span class='ocrx_word' id='word_1_226' title='bbox 695 2411 929 2475; x_wconf 87' lang='lat' dir='ltr'>peculiari</span> <span class='ocrx_word' id='word_1_227' title='bbox 972 2411 1296 2474; x_wconf 87' lang='lat' dir='ltr'>appellatione</span> <span class='ocrx_word' id='word_1_228' title='bbox 1332 2409 1582 2475; x_wconf 70' lang='lat' dir='ltr'>ergastuli</span> <span class='ocrx_word' id='word_1_229' title='bbox 1601 2427 1620 2465; x_wconf 89' lang='lat'><em>;</em></span> <span class='ocrx_word' id='word_1_230' title='bbox 1669 2408 1796 2456; x_wconf 88' lang='lat' dir='ltr'>sicut</span> <span class='ocrx_word' id='word_1_231' title='bbox 1834 2416 1886 2457; x_wconf 89' lang='lat' dir='ltr'>et</span> <span class='ocrx_word' id='word_1_232' title='bbox 1953 2406 1956 2408; x_wconf 58' lang='grc'><strong>’</strong></span> 
     </span>
     <span class='ocr_line' id='line_1_32' title="bbox 504 2479 1884 2550; baseline -0.004 -15"><span class='ocrx_word' id='word_1_233' title='bbox 504 2487 650 2535; x_wconf 89' lang='lat' dir='ltr'>hodie</span> <span class='ocrx_word' id='word_1_234' title='bbox 681 2488 871 2536; x_wconf 88' lang='lat' dir='ltr'>diversa</span> <span class='ocrx_word' id='word_1_235' title='bbox 906 2479 1182 2550; x_wconf 89' lang='lat' dir='ltr'>significant</span> <span class='ocrx_word' id='word_1_236' title='bbox 1214 2503 1278 2534; x_wconf 81' lang='lat' dir='ltr'>zm</span> <span class='ocrx_word' id='word_1_237' title='bbox 1310 2486 1571 2544; x_wconf 72' lang='lat' dir='ltr'>servitem,</span> <span class='ocrx_word' id='word_1_238' title='bbox 1597 2491 1647 2532; x_wconf 90' lang='grc' dir='ltr'>θῖ</span> <span class='ocrx_word' id='word_1_239' title='bbox 1670 2500 1734 2531; x_wconf 80' lang='lat' dir='ltr'>un</span> <span class='ocrx_word' id='word_1_240' title='bbox 1757 2483 1884 2547; x_wconf 65' lang='lat' dir='ltr'>serf,</span> 
     </span>
     <span class='ocr_line' id='line_1_33' title="bbox 503 2562 900 2610; baseline 0 -1"><span class='ocrx_word' id='word_1_241' title='bbox 503 2562 582 2609; x_wconf 90' lang='lat' dir='ltr'>vel</span> <span class='ocrx_word' id='word_1_242' title='bbox 605 2579 669 2609; x_wconf 74' lang='lat' dir='ltr'>zm</span> <span class='ocrx_word' id='word_1_243' title='bbox 692 2562 900 2610; x_wconf 72' lang='lat' dir='ltr'>esclave.</span> 
     </span>
    </p>

    <p class='ocr_par' dir='ltr' id='par_1_7' title="bbox 227 2633 1884 2701">
     <span class='ocr_line' id='line_1_34' title="bbox 227 2633 1884 2701; baseline -0.002 -15"><span class='ocrx_word' id='word_1_244' title='bbox 227 2646 458 2697; x_wconf 62' lang='lat' dir='ltr'>Oblisafioservi</span> <span class='ocrx_word' id='word_1_245' title='bbox 573 2644 620 2685; x_wconf 88' lang='lat'>3.</span> <span class='ocrx_word' id='word_1_246' title='bbox 655 2637 900 2701; x_wconf 88' lang='lat' dir='ltr'>Obligatio</span> <span class='ocrx_word' id='word_1_247' title='bbox 923 2637 1074 2700; x_wconf 88' lang='lat' dir='ltr'>igitur</span> <span class='ocrx_word' id='word_1_248' title='bbox 1096 2637 1229 2685; x_wconf 69' lang='lat' dir='ltr'>Servi</span> <span class='ocrx_word' id='word_1_249' title='bbox 1259 2636 1490 2684; x_wconf 88' lang='lat' dir='ltr'>adversus</span> <span class='ocrx_word' id='word_1_250' title='bbox 1514 2633 1751 2682; x_wconf 75' lang='lat' dir='ltr'>dominum</span> <span class='ocrx_word' id='word_1_251' title='bbox 1786 2650 1884 2682; x_wconf 91' lang='lat' dir='ltr'>non</span> 
     </span>
    </p>

    <p class='ocr_par' dir='ltr' id='par_1_8' title="bbox 225 2694 1883 2775">
     <span class='ocr_line' id='line_1_35' title="bbox 225 2694 1883 2775; baseline -0.002 -13"><span class='ocrx_word' id='word_1_252' title='bbox 225 2694 490 2762; x_wconf 54' lang='grc' dir='ltr'>ῗῖξξζῗῖαῗῑῖιῖἓῖο</span> <span class='ocrx_word' id='word_1_253' title='bbox 506 2712 724 2760; x_wconf 89' lang='lat' dir='ltr'>nascitur</span> <span class='ocrx_word' id='word_1_254' title='bbox 747 2729 805 2760; x_wconf 86' lang='lat' dir='ltr'>ex</span> <span class='ocrx_word' id='word_1_255' title='bbox 841 2711 1047 2775; x_wconf 91' lang='lat' dir='ltr'>simplici</span> <span class='ocrx_word' id='word_1_256' title='bbox 1069 2711 1183 2759; x_wconf 88' lang='lat' dir='ltr'>vitae</span> <span class='ocrx_word' id='word_1_257' title='bbox 1218 2710 1590 2766; x_wconf 85' lang='lat' dir='ltr'>condonatione,</span> <span class='ocrx_word' id='word_1_258' title='bbox 1616 2708 1702 2756; x_wconf 88' lang='lat' dir='ltr'>sed</span> <span class='ocrx_word' id='word_1_259' title='bbox 1735 2725 1794 2757; x_wconf 86' lang='lat' dir='ltr'>ex</span> <span class='ocrx_word' id='word_1_260' title='bbox 1825 2726 1883 2758; x_wconf 93' lang='lat' dir='ltr'>eo</span> 
     </span>
    </p>

    <p class='ocr_par' dir='ltr' id='par_1_9' title="bbox 224 2776 1882 2850">
     <span class='ocr_line' id='line_1_36' title="bbox 224 2776 1882 2850; baseline -0.001 -14"><span class='ocrx_word' id='word_1_261' title='bbox 224 2776 491 2815; x_wconf 52' lang='lat' dir='ltr'><strong>mmmmm</strong></span> <span class='ocrx_word' id='word_1_262' title='bbox 507 2788 640 2850; x_wconf 92' lang='lat' dir='ltr'>quod</span> <span class='ocrx_word' id='word_1_263' title='bbox 676 2804 776 2836; x_wconf 93' lang='lat' dir='ltr'>non</span> <span class='ocrx_word' id='word_1_264' title='bbox 815 2787 1034 2835; x_wconf 87' lang='lat' dir='ltr'>vinctum</span> <span class='ocrx_word' id='word_1_265' title='bbox 1071 2803 1182 2834; x_wconf 92' lang='lat' dir='ltr'>eum</span> <span class='ocrx_word' id='word_1_266' title='bbox 1215 2786 1292 2834; x_wconf 89' lang='lat' dir='ltr'>vel</span> <span class='ocrx_word' id='word_1_267' title='bbox 1328 2786 1680 2832; x_wconf 86' lang='lat' dir='ltr'>incarceratum</span> <span class='ocrx_word' id='word_1_268' title='bbox 1703 2791 1882 2835; x_wconf 86' lang='lat' dir='ltr'>teneat.</span> 
     </span>
    </p>
   </div>
   <div class='ocr_carea' id='block_1_5' title="bbox 508 2859 1883 2926">
    <p class='ocr_par' dir='ltr' id='par_1_10' title="bbox 508 2859 1883 2926">
     <span class='ocr_line' id='line_1_37' title="bbox 508 2859 1883 2926; baseline -0.002 -16"><span class='ocrx_word' id='word_1_269' title='bbox 508 2863 755 2926; x_wconf 87' lang='lat' dir='ltr'>Obligatio</span> <span class='ocrx_word' id='word_1_270' title='bbox 774 2862 904 2910; x_wconf 92' lang='lat' dir='ltr'>enim</span> <span class='ocrx_word' id='word_1_271' title='bbox 919 2878 979 2910; x_wconf 90' lang='lat' dir='ltr'>ex</span> <span class='ocrx_word' id='word_1_272' title='bbox 1001 2869 1147 2924; x_wconf 87' lang='lat' dir='ltr'>pacto</span> <span class='ocrx_word' id='word_1_273' title='bbox 1171 2861 1352 2915; x_wconf 82' lang='lat' dir='ltr'>oritur3</span> <span class='ocrx_word' id='word_1_274' title='bbox 1389 2866 1585 2922; x_wconf 88' lang='lat' dir='ltr'>pactum</span> <span class='ocrx_word' id='word_1_275' title='bbox 1608 2865 1772 2908; x_wconf 90' lang='lat' dir='ltr'>autem</span> <span class='ocrx_word' id='word_1_276' title='bbox 1790 2859 1883 2909; x_wconf 90' lang='lat' dir='ltr'>nisi</span> 
     </span>
    </p>
   </div>
  </div>
 </body>
</html>
