2020 3262
553 658 990 724 SECTIO
1072 657 1252 722 III.

674 955 809 1019 DE
873 954 1128 1020 CIVE.

611 1230 1200 1287 LIBERTAS.

757 1459 973 1508 CAPUT
1007 1460 1046 1508 I.

205 1589 211 1591 -
285 1568 349 1602 1111
373 1567 524 1602 sTA'ru
548 1567 779 1600 HOMINUM
804 1567 964 1600 EXTRA
989 1567 1288 1599 socm'rA'rEM
1312 1566 1526 1599 01vnAEM.

218 1653 253 1692 ἱ.
281 1653 531 1692 Introductio.
583 1655 621 1691 2.
650 1652 849 1691 Societatis
879 1652 999 1690 civilis
1026 1653 1178 1690 initium
1196 1664 1276 1690 esse
1294 1664 1318 1689 a
1334 1656 1468 1689 mutuo
1487 1656 1602 1690 metu.

270 1718 308 1755 3.
335 1714 525 1753 Homines
542 1719 679 1752 natura
697 1713 860 1764 aequales
887 1714 987 1751 inter
1013 1726 1052 1751 se
1081 1726 1174 1751 esse.
1226 1716 1265 1752 4.
1295 1713 1409 1753 Unde
1437 1714 1606 1752 nascitur

268 1781 407 1815 mutuo
424 1788 466 1814 se
482 1775 646 1813 laedendi
664 1775 850 1813 voluntas.
901 1777 940 1814 5.
967 1774 1174 1822 Discordia
1200 1787 1223 1812 a
1250 1775 1532 1824 comparatione
1551 1776 1608 1812 in-

270 1839 485 1890 geniorum.
535 1840 577 1877 6.
604 1836 670 1875 Ab
689 1837 860 1887 appetitu
878 1837 1046 1887 plurium
1070 1837 1119 1874 ad
1137 1836 1296 1875 eandem
1315 1849 1410 1874 rem.
1461 1837 1500 1878 7.
1528 1836 1609 1874 De-

270 1899 395 1938 finitio
416 1899 527 1951 juris.
578 1901 617 1937 8.
643 1898 714 1937 Jus
742 1898 791 1936 ad
818 1898 934 1936 finem
966 1899 1032 1936 dat
1053 1897 1118 1948 jus
1150 1898 1198 1936 ad
1231 1898 1357 1935 media
1386 1898 1608 1936 necessaria.

206 1959 210 1962 ’
268 1965 311 2003 9.
337 1961 434 2001 Jure
451 1961 614 1999 naturali
632 1972 943 2011 unumquemque
960 1960 1132 2011 judicem
1151 1972 1233 1997 esse
1250 1959 1463 1997 mediorum
1481 1959 1530 1996 ad
1549 1960 1609 1996 sui

268 2023 610 2063 conservationem.
639 2025 701 2062 10.
715 2022 811 2061 Jure
829 2022 991 2060 naturali
1011 2023 1139 2060 omnia
1156 2035 1236 2060 esse
1248 2022 1431 2059 omnium.
1461 2024 1522 2060 11.
1537 2021 1609 2060 Jus

272 2085 443 2123 omnium
471 2084 520 2122 ad
548 2084 675 2122 omnia
700 2084 833 2122 inutile
860 2097 952 2122 esse.
1008 2086 1068 2122 12.
1098 2083 1248 2122 Statum
1278 2084 1476 2121 hominum
1503 2088 1611 2121 extra

230 2163 237 2168 ·
273 2147 494 2185 societatem
511 2145 654 2183 bellum
672 2158 764 2183 esse.
817 2145 914 2183 Belli
940 2150 979 2183 et
1004 2146 1109 2196 pacis
1127 2145 1377 2183 definitiones.
1432 2147 1493 2184 13.
1522 2144 1610 2182 Bel—

270 2208 353 2247 lum
368 2207 648 2246 conservationi
667 2207 862 2245 hominum
877 2207 1079 2246 adversum
1097 2220 1190 2246 esse.
1245 2210 1306 2246 14.
1333 2207 1359 2246 J
1361 2219 1428 2245 ure
1447 2206 1611 2244 naturali

271 2269 388 2308 licere
413 2269 553 2319 cuique
584 2269 701 2306 alium
732 2270 770 2306 in
805 2281 874 2307 sua
914 2274 1101 2319 potestate
1131 2270 1352 2307 existentem
1392 2281 1530 2319 cogere
1561 2268 1611 2306 ad

157 2381 159 2384 y
271 2331 492 2370 cautionem
509 2330 763 2380 praestandam
781 2329 921 2369 futurae
939 2330 1178 2369 obedientiae.
1234 2333 1296 2370 15.
1324 2330 1513 2369 Naturam
1531 2330 1613 2368 dic-

212 2413 217 2417 ·
273 2398 356 2432 tare
373 2391 618 2443 quoerendam
637 2404 717 2430 esse
734 2404 881 2442 pacem.

228 2495 271 2538 l.
306 2488 554 2537 NATURAE
573 2487 800 2536 humanae
816 2487 1072 2537 facultates
1103 2488 1167 2537 ad
1190 2495 1400 2552 quatuor
1430 2503 1614 2552 genera

223 2564 400 2614 reduci
441 2570 666 2628 possunt,
723 2563 839 2611 vim*
883 2579 1184 2628 corpoream,
1243 2564 1610 2628 experientiam,

222 2641 480 2700 rationem,
529 2640 774 2688 affectum.
865 2639 943 2688 Ab
977 2640 1053 2688 his
1088 2641 1334 2704 sequentis
1375 2639 1612 2689 doctrinae

209 2716 421 2766 ⁴initium
455 2716 702 2780 capientes
739 2716 956 2764 dicemus
978 2716 1136 2780 primo
1159 2717 1300 2776 loco,
1321 2715 1440 2780 quid
1463 2716 1613 2764 animi

215 2792 438 2842 habeant
471 2792 694 2841 homines
727 2791 822 2840 illis
858 2792 1174 2841 facultatibus
1213 2792 1424 2857 praediti,
1470 2791 1613 2840 alteri

222 2867 457 2918 adversus
480 2868 688 2917 alteros:
725 2875 775 2916 et
797 2884 876 2928 an,
909 2875 958 2917 et
983 2885 1079 2931 qua
1100 2868 1349 2927 facultate,
1384 2867 1488 2932 apti
1509 2867 1614 2916 nati

1652 2512 1781 2545 SECT.
1802 2511 1870 2544 111.

1747 2564 1775 2595 1.

1659 2652 1851 2681 Introductio.
