1994 3276
477 252 548 285 DE
575 250 941 285 NECESSARIIS
969 250 1042 283 AD
1071 251 1346 286 SALUTEM.
1519 239 1617 292 417

215 371 380 413 costes
420 364 849 421 convertebantur,
885 361 1012 426 quid
1020 360 1282 425 faciemus
1298 365 1327 410 ,9
1362 363 1619 426 respondit
1660 387 1789 420 Smyr,
1808 386 1877 420 111,

219 441 356 503 (Act.
370 441 420 489 ii.
443 441 527 499 38)
542 462 554 496 ;
571 439 900 505 poenitemini,
917 443 968 485 et
988 437 1269 501 baptizetur
1283 439 1619 503 unusquisque
1746 440 1793 470 ¹⁸·

216 524 434 565 vestrum
448 517 499 565 iu
514 517 705 565 nomine
719 515 840 563 Jesu
859 514 909 562 in
927 513 1264 561 remissionem
1274 521 1616 578 peecatorum.

218 593 357 641 Nihil
381 608 500 656 ergo
524 592 589 640 ad
612 590 937 640 obtinendum
969 588 1283 652 baptismum,
1308 589 1402 636 hoc
1428 597 1517 648 est,
1543 591 1617 638 in-

215 669 423 717 troitum
445 668 498 716 in
521 684 728 731 regnum
752 666 860 721 Dei,
886 663 1168 713 faciendum
1203 664 1338 711 aliud
1373 673 1494 723 erat,
1524 666 1619 714 nisi

207 744 466 809 poeuitere
489 752 540 792 et
564 745 773 792 credere
795 743 847 790 in
870 756 1051 789 nomen
1074 740 1103 788 J
1108 755 1232 789 Esu.
1303 740 1452 788 Pacto
1471 742 1618 799 enim,

216 820 350 884 quod
371 821 430 868 fit
452 821 504 868 in
529 820 789 883 baptismo,
808 817 1115 882 promittitur
1137 832 1346 879 regnum
1364 817 1616 865 coelorum.

216 895 424 955 Deinde,
445 912 506 950 ex
523 895 684 943 verbis
704 895 937 942 CHRISTI
959 893 1100 952 (Luc.
1115 891 1248 939 xviii.
1266 897 1330 940 20
1348 912 1359 946 ;
1390 899 1441 939 et
1460 892 1617 940 Marc.

215 987 264 1020 x.
305 971 386 1034 19)
425 970 768 1035 respondentis
809 969 872 1017 ad
906 968 1180 1032 principem
1211 967 1617 1031 interrogantem,

0 1057 4 1107 ξ
215 1046 339 1111 quid
367 1046 552 1095 faciens
586 1046 739 1094 vitam
775 1052 1012 1094 aeternam
1034 1043 1337 1107 possideret:
1378 1044 1620 1092 mandata

0 1112 2 1126 ¹
215 1123 364 1182 nosti,
404 1138 500 1171 nou
541 1122 753 1181 occides,
799 1138 895 1170 uon
940 1120 1282 1180 moeeltuberis,
1325 1129 1403 1169 etc
1424 1142 1436 1176 ;
1485 1121 1621 1185 quod

214 1198 544 1247 obedieutiae:
581 1205 645 1258 et,
670 1198 825 1246 vende
864 1197 1027 1245 omnia
1059 1214 1169 1261 quce
1204 1196 1372 1254 habes,
1403 1197 1530 1255 veni,
1569 1203 1620 1244 et

213 1290 426 1339 sequere
448 1291 523 1323 me
540 1293 560 1330 ;
596 1274 727 1338 quod
735 1274 871 1336 fidei
895 1280 1015 1322 erat.
1086 1274 1150 1321 Et
1174 1289 1234 1321 ex
1258 1289 1316 1321 eo
1341 1273 1475 1337 quod
1499 1273 1619 1321 dici-

214 1357 313 1408 tur,
326 1351 499 1413 justus
526 1350 648 1413 (non
673 1350 894 1414 quilibet,
921 1350 1008 1397 sed
1019 1350 1214 1412 justus)
1244 1366 1307 1396 ex
1314 1350 1432 1412 fide
1455 1349 1586 1397 vivet
1601 1368 1618 1397 :

215 1434 292 1474 est
323 1426 455 1474 enim
465 1426 680 1489 justitia
703 1426 972 1474 voluntatis
1009 1425 1265 1488 dispositio
1291 1425 1478 1484 eadem,
1505 1441 1616 1488 quae

205 1501 510 1566 poeuitentia
526 1510 577 1550 et
591 1502 892 1550 obedientia.
939 1503 1004 1550 Et
1025 1518 1087 1549 ex
1105 1502 1267 1550 verbis
1283 1502 1441 1550 sancti
1461 1502 1621 1550 Marci

218 1576 273 1639 (i.
300 1578 416 1640 15):
453 1578 683 1642 quoniam
715 1577 967 1642 impletum
1003 1584 1081 1625 est
1115 1584 1321 1642 tempus,
1346 1585 1396 1626 et
1431 1593 1621 1642 appro-

205 1653 481 1718 pinquavit
498 1669 707 1718 reguum
722 1653 839 1711 Dei,
851 1653 1162 1718 paenitemini
1181 1660 1231 1701 et
1245 1653 1439 1701 credite
1454 1653 1623 1701 Evau-

212 1728 354 1794 gelio
373 1747 393 1784 ,·
429 1729 605 1792 quibus
639 1746 741 1778 non
777 1730 986 1778 obscure
1019 1730 1338 1793 significatur,
1363 1747 1464 1778 non
1500 1746 1622 1793 opus

215 1820 324 1854 esse
359 1805 424 1854 ad
458 1805 733 1869 ingressum
768 1806 820 1853 in
853 1821 1062 1869 regnum
1097 1805 1191 1853 Dei
1225 1806 1333 1853 aliis
1355 1806 1623 1854 virtutibus

215 1887 398 1944 praeter
410 1881 768 1946 poeniteutiam
792 1881 1027 1945 etfidem.
1102 1881 1404 1929 Obedieutia
1436 1883 1621 1946 itaque,

216 1973 328 2022 quae
363 1957 429 2006 ad
462 1957 671 2005 salutem
705 1957 991 2005 necessario
1023 1957 1305 2020 requiritur,
1330 1958 1454 2006 nihil
1488 1958 1624 2006 aliud

215 2042 292 2081 est
326 2040 508 2096 praeter
541 2033 844 2082 voluntatem
879 2033 979 2081 sive
1012 2039 1238 2080 conatum
1263 2033 1545 2093 obediendi,
1570 2035 1622 2082 id

216 2115 308 2168 est,
331 2108 544 2157 faciendi
567 2108 837 2157 secundum
868 2109 1002 2172 leges
1026 2108 1135 2167 Dei,
1160 2108 1213 2156 id
1235 2117 1325 2168 est,
1350 2110 1622 2158 secundum

216 2185 350 2249 leges
373 2185 601 2244 morales,
627 2201 737 2248 quae
772 2185 958 2233 eaedem
993 2184 1218 2232 omnibus
1254 2193 1384 2245 sunt,
1410 2193 1461 2234 et
1488 2186 1621 2250 leges

215 2261 400 2320 civiles,
443 2261 538 2309 hoc
580 2269 670 2319 est,
712 2261 945 2309 mandata
991 2261 1341 2325 imperantium
1381 2262 1433 2310 in
1474 2263 1621 2311 rebus

139 2378 141 2380 μ
217 2336 593 2402 temporalibus,
627 2343 676 2384 et
707 2337 840 2400 leges
868 2337 1221 2385 ecclesiasticas
1249 2338 1300 2385 in
1332 2337 1622 2402 spirituali-

218 2412 308 2461 bus
323 2430 342 2467 ;
380 2428 490 2476 quae
515 2411 613 2460 duo
637 2428 820 2475 genera
842 2412 1007 2476 legum
1034 2413 1086 2460 in
1109 2413 1312 2461 diversis
1337 2414 1620 2463 civitatibus

217 2495 269 2537 et
293 2488 510 2537 ecclesiis
543 2496 659 2535 sunt
695 2487 903 2548 diversa,
929 2496 980 2536 et
1015 2497 1383 2552 cognoscuntur
1404 2491 1622 2554 promul-

215 2564 421 2628 gatione
444 2563 523 2611 vel
546 2563 802 2611 sententiis
826 2564 1050 2627 publicis.

283 2646 333 2688 4.
384 2640 454 2688 Ut
485 2639 695 2687 sciamus
730 2639 849 2702 quid
883 2640 947 2688 sit
967 2640 1109 2702 fides
1147 2639 1251 2688 Clu
1255 2641 1462 2700 esteunu
1502 2641 1621 2689 defi·
1639 2654 1721 2687 Quid
1735 2655 1773 2682 s1t
1786 2655 1906 2688 fidset

216 2714 399 2764 nienda
433 2722 508 2764 est
542 2715 594 2762 in
628 2715 912 2763 universum
930 2717 1088 2779 fides,
1108 2724 1158 2764 et
1181 2733 1211 2764 a
1243 2717 1435 2765 caeteris
1470 2717 1621 2765 animi
1637 2708 1679 2779 ἐξ
1681 2707 1783 2770 Ζᾌῖἶ
1729 2699 1784 2726 ⁰⁰d
1767 2698 1908 2780 οέζοῖζῖ

217 2790 425 2851 actibus,
468 2791 760 2854 quibuscum
800 2792 950 2856 vulgo
992 2792 1227 2840 confundi
1265 2794 1403 2853 solet,
1446 2793 1620 2843 distin-
1637 2795 1720 2858 {ssmm
1690 2830 1728 2858 ab
1721 2786 1906 2867 {Pi‘ssssg'fg'

214 2865 429 2929 guenda.
471 2865 727 2929 Objectum
728 2867 866 2929 fidei
880 2868 1221 2918 universaliter
1235 2878 1459 2934 sumptae,
1474 2862 1619 2920 nimi-⁹

351 2956 472 2991 VOL.
496 2957 557 2990 11.
1395 2961 1427 2994 Ε
1451 2961 1483 2994 Ε
