1994 3276
436 266 531 307 422
997 279 1241 313 RELIGIO.

173 407 301 439 SECT,
318 409 387 440 111,
435 385 581 442 hunc,
604 387 788 435 JESUM
811 403 940 436 ESSE
963 389 1275 448 CHR1s'rUM‚
1301 390 1487 437 homini
1519 390 1812 451 Christiano,

262 460 309 489 18.

434 468 491 508 ut
527 463 859 511 necessarium
894 464 957 512 ad
984 466 1188 513 salutem
1222 465 1404 528 requiri
1435 466 1636 513 nullum.
1705 467 1815 515 Dis-

153 550 281 578 Uuicum
295 551 399 578 articu-
434 536 755 600 tinguendum
778 546 941 587 autem
965 549 1039 588 est
1061 541 1135 599 (ut
1153 557 1298 604 supra
1321 548 1413 588 art.
1432 543 1496 601 4),
1522 541 1648 588 inter
1654 541 1816 604 fidem

154 594 226 628 lum,
240 594 258 622 J
261 603 343 621 esum
357 602 418 621 esse

154 636 418 671 christum,neoes„
436 620 486 660 et
495 614 873 678 professionem.
944 615 1203 681 Professio
1241 632 1357 679 ergo
1381 616 1593 679 plurium
1616 617 1816 680 dogma-

152 681 263 708 snrium
285 688 346 708 esse
367 679 405 708 ad

152 723 285 757 salutem,
305 723 405 760 proba.-

153 770 201 793 tur
222 776 258 794 ex
278 775 366 803 scopo

153 809 418 849 Evangelistarum.

434 695 555 747 tum,
581 689 621 737 si
639 690 884 753 jubeatur,
910 692 1197 739 necessaria
1228 707 1331 739 esse
1362 699 1551 755 potest;
1588 700 1663 739 est
1686 691 1816 739 enim

434 780 546 827 pars
569 764 859 814 obedientia>
875 767 1063 829 legibus
1082 767 1273 815 debitae.
1328 767 1425 815 Sed
1439 783 1539 815 non
1557 767 1816 830 quaerimus

429 840 532 903 Jam
569 841 628 889 de
665 841 946 890 obedientia
988 844 1274 891 necessaria
1307 843 1370 891 ad
1400 843 1620 900 salutem,
1646 841 1733 890 sed
1756 842 1817 890 de

417 916 547 978 fide.
617 917 854 965 Probatur
871 927 1049 976 autem,
1073 919 1246 982 primo,
1271 935 1330 966 ex
1367 935 1515 981 scopo
1537 917 1818 980 Evangelis-

432 1000 607 1052 tarum,
629 993 713 1056 qui
751 1001 855 1041 erat
890 1010 978 1057 per
1014 993 1379 1057 discriptionem
1409 994 1524 1042 vitae
1549 992 1818 1041 Servatoris

408 1068 587 1115 ‘nostri
623 1068 760 1115 illum
796 1085 949 1116 unum
985 1069 1243 1117 articulum
1281 1069 1511 1117 stabilire.
1601 1067 1818 1116 Sciemus

433 1150 596 1191 autem
627 1143 775 1191 talem
810 1143 957 1192 fuisse
990 1160 1190 1208 scopum
1226 1152 1274 1192 et
1309 1145 1565 1193 consilium
1598 1144 1820 1207 Evange-

434 1285 754 1334 quemadmodum
782 1286 813 1322 si
837 1298 965 1323 veram
994 1291 1033 1323 et
1063 1287 1249 1323 internam
1282 1287 1543 1336 poenitentiam
1574 1291 1820 1336 peccatorum

433 1346 563 1390 solam,
582 1358 629 1382 ex
654 1352 761 1395 parte
787 1345 958 1396 justitiae,
987 1347 1034 1384 ad
1054 1347 1212 1384 salutem
1243 1348 1491 1385 necessariam
1517 1360 1597 1385 esse
1629 1348 1819 1391 dixissem,

433 1412 558 1443 tamen
590 1419 660 1455 pro
688 1407 881 1456 paradoxo
913 1407 1130 1445 habendum
1161 1420 1235 1444 non
1263 1408 1406 1453 fuisset,
1425 1409 1606 1459 quoniam
1624 1409 1662 1445 in
1682 1421 1728 1445 ea
1738 1407 1819 1457 jus-

433 1468 566 1512 titiam,
586 1465 850 1511 obedientiam,
870 1473 985 1518 atque
1004 1469 1170 1504 animum
1186 1469 1234 1505 ad
1249 1481 1378 1506 omnes
1398 1470 1554 1506 virtutes
1572 1469 1819 1506 reformatum

434 1529 620 1566 contineri
638 1528 894 1578 intelligimus
949 1529 1008 1565 lta
1035 1541 1123 1566 cum
1150 1529 1265 1565 fidem
1285 1530 1395 1567 unius
1414 1530 1563 1567 articuli
1581 1530 1752 1567 sufficere
1770 1530 1820 1567 ad

434 1589 594 1626 salutem
612 1589 712 1632 dico,
731 1589 944 1626 mirandum
960 1590 1084 1626 minus
1107 1595 1174 1631 est,
1190 1602 1276 1626 cum
1292 1591 1328 1626 in
1343 1603 1388 1628 eo
1407 1596 1464 1628 tot
1478 1591 1540 1628 alii
1554 1591 1701 1628 articuli
1717 1603 1821 1628 com-

435 1651 730 1700 prehendantur.
788 1651 887 1688 Nam
907 1652 1023 1688 verba
1052 1652 1145 1696 haec,
1164 1651 1274 1688 Jesus
1300 1655 1353 1689 est
1380 1651 1566 1697 Christus,
1593 1651 1819 1702 significant,

435 1712 567 1750 Jesum
595 1725 674 1749 esse
700 1712 816 1755 illurn,
832 1725 945 1762 quem
975 1712 1082 1749 Deus
1102 1718 1302 1749 venturum
1322 1713 1358 1750 in
1380 1713 1561 1750 mundum
1581 1713 1629 1750 ad
1660 1725 1820 1763 regnum

435 1785 546 1810 suum
578 1773 863 1810 instaurandum
892 1773 1116 1822 promiserat
1146 1786 1213 1822 per
1244 1774 1458 1823 prophetaS,
1489 1774 1561 1811 hoc
1589 1779 1657 1818 est,
1688 1773 1821 1812 Jesum

436 1847 516 1871 esse
534 1833 672 1871 Filium
691 1834 765 1871 Dei
787 1834 977 1872 Creatoris
1009 1834 1093 1871 coeli
1127 1840 1165 1871 et
1190 1840 1312 1878 terrae,
1333 1841 1464 1872 natum
1483 1847 1530 1872 ex
1548 1835 1705 1885 virgine,
1721 1847 1821 1872 mor-

436 1903 545 1934 tuum
581 1909 651 1945 pro
682 1898 848 1946 peccatis
878 1909 1021 1941 eorum,
1052 1896 1117 1946 qui
1151 1901 1274 1933 essent
1303 1897 1340 1933 in
1374 1896 1479 1933 illum
1511 1896 1715 1941 credituri;
1742 1908 1823 1933 esse

439 1959 646 2003 Christum,
666 1958 704 1995 id
737 1963 794 1996 est
823 1970 978 2007 regem3
1007 1958 1187 1994 revixisse
1215 1957 1323 2007 (nam
1343 1957 1485 2007 alioqui
1503 1963 1728 2007 regnaturus
1746 1969 1822 1995 non

437 2019 511 2065 est)
536 2019 797 2069 judicaturum
828 2020 1013 2056 mundum
1041 2026 1079 2057 et
1105 2025 1433 2056 remuneraturum
1463 2019 1675 2057 eorundum
1693 2030 1821 2068 opera,

437 2081 546 2118 aliter
564 2081 664 2118 enim
685 2094 750 2118 rex
770 2094 850 2118 esse
863 2094 936 2117 non
954 2086 1101 2129 potest;
1129 2082 1219 2118 item
1239 2087 1515 2118 resurrecturos
1534 2093 1614 2118 esse
1634 2081 1822 2118 homines:

438 2155 525 2179 nam
557 2143 700 2191 absque
730 2143 802 2179 hoc
834 2142 881 2178 ad
906 2142 1093 2191 judicium
1118 2142 1265 2178 venturi
1301 2154 1375 2178 non
1405 2146 1504 2178 sunt.
1556 2141 1691 2191 Itaque
1713 2141 1823 2178 unico

439 2204 513 2240 hoc
543 2203 703 2240 articulo
746 2209 867 2240 totum
914 2204 1130 2241 continetur
1160 2203 1373 2253 symbolum
1400 2203 1679 2252 apostolorum;
1719 2202 1821 2252 quod

439 2271 565 2302 tamen
597 2265 651 2301 sic
684 2265 984 2301 contrahendum
1009 2265 1095 2302 ideo
1120 2265 1342 2309 existimavi,
1361 2264 1465 2314 quod
1484 2264 1652 2301 viderem
1670 2268 1823 2313 propter

439 2327 541 2363 hunc
572 2326 704 2370 solum,
734 2326 815 2363 sine
844 2327 1000 2368 caeteris,
1030 2327 1095 2375 qui
1125 2339 1171 2363 ex
1204 2339 1249 2363 eo
1277 2339 1345 2375 per
1371 2326 1678 2376 consequentiam
1706 2324 1822 2362 dedu-

440 2393 590 2432 cuntur,
608 2386 815 2436 permultos
834 2392 915 2423 tum
934 2399 956 2424 a
976 2386 1130 2424 Christo
1147 2393 1228 2424 tum
1247 2387 1296 2424 ab
1314 2387 1493 2436 apostolis
1512 2386 1592 2436 ejus
1610 2387 1647 2423 in
1663 2397 1823 2435 regnum

438 2448 512 2486 Dei
533 2449 714 2485 admissos
732 2447 868 2486 fuisse:
899 2453 938 2484 ut
967 2447 1064 2485 latro
1097 2449 1134 2484 in
1168 2460 1301 2491 cruce;
1331 2453 1373 2484 ut
1391 2447 1588 2484 eunuchus
1606 2458 1629 2483 a
1647 2446 1823 2495 Philippo

439 2510 674 2559 baptizatus;
701 2516 744 2547 ut
775 2509 851 2546 dno
884 2509 999 2546 millia
1026 2510 1220 2546 hominum
1240 2509 1287 2545 ad
1306 2507 1503 2546 ecclesiam
1521 2521 1543 2544 a
1559 2513 1689 2545 sancto
1708 2506 1823 2544 Petro

440 2572 551 2608 simul
570 2576 788 2621 aggregata.
844 2572 883 2609 Si
904 2572 1043 2621 quibus
1058 2577 1185 2608 autem
1201 2571 1272 2607 hoc
1292 2570 1475 2619 displicet,
1487 2569 1590 2619 quod
1605 2580 1667 2605 eos
1681 2580 1821 2611 omne&

440 2634 506 2682 qui
525 2633 685 2670 articulo
703 2633 959 2683 qualicunque
986 2633 1035 2670 ab
1064 2632 1223 2670 ecclesia
1249 2631 1406 2668 definito
1424 2642 1613 2668 assensum
1633 2630 1823 2666 internum

441 2707 516 2731 non
548 2696 719 2743 praebent
751 2694 842 2743 (nec
870 2700 993 2731 tamen
1024 2693 1299 2737 contradicunt,
1327 2692 1404 2737 sed,
1432 2692 1462 2729 si
1487 2691 1704 2742 jubeantur,
1733 2702 1823 2727 con-

441 2754 601 2806 cedunt)
634 2768 708 2793 non
738 2756 934 2792 damnatos
959 2756 997 2791 in
1031 2760 1213 2792 aeternum
1242 2766 1425 2798 censeam,
1453 2752 1545 2802 quid
1573 2752 1644 2788 illis
1673 2750 1822 2797 faciam,

441 2818 580 2854 nescio.
636 2817 735 2854 Nam
764 2822 806 2853 ut
830 2817 1054 2853 sententiam
1084 2821 1238 2859 mutem,
1269 2814 1474 2865 Scripturae
1494 2812 1633 2858 Sacrae‚
1653 2825 1738 2863 quae
1765 2826 1824 2851 se·
1851 2846 1853 2850 ,

442 2884 622 2926 quuntur,
640 2878 854 2915 testimonia
872 2878 1105 2926 apertissima
1123 2877 1345 2926 impediunt.
