1968 3256
396 276 466 312 nn
494 276 630 312 Loco
658 275 885 311 onmem
911 273 1252 320 APPARENTE‚
1278 275 1394 309 Ero.
1520 265 1579 310 55

209 391 285 435 est
307 401 402 450 quo
435 386 612 450 objecti
645 385 839 434 termini
870 384 936 444 H,
952 385 975 432 I
1009 385 1257 449 propiores
1294 393 1408 434 sunt
1432 394 1579 436 rectae

209 462 255 511 A
272 463 326 521 C,
344 469 393 511 et
416 479 473 511 eo
497 463 654 510 minor
678 478 772 525 quo
797 468 912 509 sunt
935 461 996 509 ab
1022 477 1079 509 ea
1102 461 1400 520 remotiores,
1425 462 1578 511 donec

207 537 409 587 tandem
428 538 626 587 remotis
648 537 740 586 illis
763 536 982 585 terminis
999 536 1051 584 in
1072 537 1316 585 infinitum
1339 540 1580 587 evanescit

208 614 259 663 in
281 620 463 678 puncto
497 611 549 674 F,
583 619 725 661 erunt
761 627 927 660 eorum
963 612 1197 677 imagines
1226 612 1276 660 in
1298 613 1444 660 rectis
1468 614 1577 673 FO,

207 691 247 738 F
261 691 310 740 Q.
347 690 506 739 ductis
541 689 604 738 ad
637 689 680 738 O
722 695 771 737 et
815 689 871 736 G.
941 688 1064 736 Cum
1100 689 1249 752 igitur
1286 696 1578 753 punctorum

207 780 377 832 eorum
406 766 641 830 imagines
681 780 869 829 semper
905 764 1054 813 etiam
1087 771 1201 813 sunt
1230 764 1280 820 in
1319 764 1579 814 visualibus

136 861 139 867 ⁵
206 843 248 891 E
262 843 317 902 L,
339 843 380 890 E
397 842 458 903 Κ,
482 848 626 890 erunt
647 842 699 890 in
721 842 837 906 ipsis
859 840 1299 899 intersectionibus,
1331 856 1506 904 nempe
1528 841 1580 890 in

206 915 249 967 L
269 925 319 968 et
341 919 399 967 R.
457 918 627 982 Itaque
642 917 819 982 obJecti
838 917 926 965 HI
944 917 1080 966 locus
1099 932 1336 981 apparens
1355 917 1579 967 inventus

205 1002 293 1056 est,
316 995 437 1051 LR3
474 995 606 1059 quod
629 1004 734 1044 erat
756 994 1049 1043 faciendum.

270 1073 318 1128 7.
351 1072 426 1120 Ex
442 1071 515 1128 iis,
542 1083 651 1136 quae
668 1077 907 1135 praesente
931 1071 1090 1135 capite
1114 1077 1164 1119 et
1181 1070 1336 1119 tribus
1359 1071 1578 1135 proxime

201 1146 588 1212 praecedentibus
606 1147 793 1196 deloco
808 1147 987 1211 objecti
1001 1155 1264 1211 apparente
1286 1147 1578 1197 inveniendo

201 1223 382 1282 tradita
417 1230 545 1284 sunt,
567 1224 906 1273 universaliter
928 1223 1244 1288 pronuntiare
1266 1223 1394 1283 licet,
1417 1224 1579 1273 locum

123 1333 130 1338 -r
202 1300 339 1351 illum
377 1315 567 1365 semper
601 1299 810 1349 inveniri
842 1300 894 1348 in
934 1299 1148 1347 sectione
1183 1314 1379 1349 crurum
1413 1301 1578 1364 anguli

203 1376 471 1442 cujusdam,
518 1378 656 1441 cujus
691 1376 925 1425 verticem
962 1376 1307 1440 appellavimus
1343 1385 1579 1440 punctum

203 1453 552 1503 evanescentiae
580 1453 652 1516 (in
675 1469 771 1517 quo
795 1452 980 1502 scilicet
1013 1453 1219 1516 angulus
1241 1453 1446 1501 visorius
1478 1469 1578 1517 prae

203 1529 470 1594 exiguitate
487 1530 752 1593 evanescit)
774 1546 886 1578 cum
902 1529 1043 1578 lineis
1055 1529 1320 1579 visualibus
1334 1530 1386 1577 in
1404 1530 1576 1594 quibus

202 1611 440 1671 apparent
470 1602 650 1670 objecti
684 1605 1029 1665 extremitates,
1073 1606 1150 1654 vel
1190 1621 1302 1654 cum
1338 1606 1578 1670 parallelis

203 1682 390 1732 eductis
413 1698 443 1731 a
458 1682 652 1746 punctis
670 1682 755 1730 ubi
772 1696 890 1730 cura
906 1682 989 1730 illa
1002 1682 1223 1730 incidunt
1244 1683 1296 1730 in
1311 1683 1575 1746 speculum,

203 1765 253 1808 et
282 1758 644 1808 transeuntibus
677 1774 766 1822 per
796 1758 975 1822 obJ‘ecti
1010 1759 1352 1807 extremitates.
1423 1758 1577 1807 Punc-

203 1843 309 1884 tum
331 1841 495 1884 autem
528 1834 649 1882 illud
683 1834 1034 1883 evanescentiae
1069 1833 1121 1883 in
1153 1835 1353 1884 diversis
1382 1835 1578 1885 videndi

202 1912 360 1961 modis
395 1919 469 1960 est
503 1911 762 1960 diversum.
832 1912 890 1959 In
919 1911 1106 1960 visione
1134 1909 1319 1960 directa
1339 1919 1577 1976 punctum

201 1988 334 2037 illud*
355 2003 456 2036 non
491 1987 856 2047 determinatur,
898 1987 982 2036 sed
1023 1988 1228 2037 sumitur
1260 1994 1492 2053 tanquam
1526 1988 1578 2038 iu

201 2065 485 2120 horizonte;
522 2064 636 2128 quia
671 2064 882 2113 maxima
916 2081 1024 2128 quae
1057 2065 1187 2114 circa
1221 2081 1309 2113 nos
1343 2072 1458 2114 sunt
1491 2065 1577 2113 ob-

196 2143 332 2206 jecta
363 2141 416 2189 in
440 2140 671 2188 distantia
703 2140 970 2188 horizontis
1004 2141 1066 2188 ab
1100 2142 1241 2190 oculo
1269 2148 1577 2191 evanescunt.

203 2218 359 2267 Omra
371 2223 536 2266 autem
555 2217 736 2281 anguli,
755 2218 891 2281 cujus
908 2224 1075 2266 vertex
1093 2225 1168 2266 est
1183 2218 1304 2266 illud
1326 2226 1577 2283 punctum,

203 2293 434 2343 desinunt
454 2293 506 2341 in
536 2293 642 2341 basi
663 2298 947 2342 transeunte
969 2309 1056 2358 per
1080 2301 1302 2343 centrum
1325 2295 1510 2344 retinae.
1581 2343 1583 2345 ,

269 2371 328 2420 111
349 2370 535 2419 visione
551 2386 641 2434 per
653 2369 869 2418 tabulam
884 2369 1190 2434 diaphanam,
1208 2378 1445 2435 punctum
1458 2372 1579 2420 illud

202 2456 277 2496 est
298 2448 350 2496 in
372 2453 507 2496 recta
528 2453 811 2495 transeunte
834 2462 922 2510 per
955 2455 1178 2496 centrum
1200 2448 1387 2508 retinas,
1411 2455 1463 2496 et
1491 2464 1580 2512 per

202 2523 422 2573 tabulam
442 2523 759 2587 perspectivae
782 2523 1027 2571 horizonti
1059 2524 1318 2587 parallela3
1354 2531 1577 2573 vocatur-

204 2617 299 2666 que
317 2617 348 2649 a
369 2598 657 2664 quibusdam
670 2599 987 2663 perspectivae
1010 2600 1327 2664 scriptoribus
1341 2608 1579 2666 punctum

195 2676 505 2743 principale.
575 2676 731 2724 Crura
753 2683 917 2724 autem
931 2676 1112 2740 anguli,
1132 2679 1269 2741 cujus
1286 2677 1404 2726 illud
1426 2694 1579 2742 punc-

203 2761 311 2802 tum
333 2760 408 2801 est
420 2759 604 2810 verteX,
621 2751 768 2800 ducta
785 2751 836 2800 in
849 2752 1014 2801 tabula
1027 2753 1351 2803 terminantur
1367 2755 1418 2803 in
1434 2755 1579 2820 plano

202 2826 487 2879 horizontis

270 2905 328 2962 In
367 2903 551 2970 visione
597 2920 685 2969 per
729 2904 1059 2954 reflectionem
1110 2922 1141 2962 a
1185 2907 1378 2984 speculo
1416 2907 1578 2983 plan0‚

1626 407 1753 441 SECT.
1778 405 1828 441 11.

1711 460 1743 491 6.

1597 554 1690 582 Oculo
1704 559 1732 583 et
1749 556 1859 592 objecto

1595 598 1636 625 ita
1658 599 1757 635 positis
1779 603 1811 626 ut
1828 599 1859 627 li-

1596 650 1657 668 nem
1690 642 1848 670 incidentes

1595 684 1671 711 oculi
1700 686 1847 722 perpendi.

1596 727 1694 758 culum
1707 732 1811 759 secent.
