2020 3262
0 2673 6 2685 ''
0 2659 2 2661 '
0 2205 18 2643 WWW‘UWW¹⁷
0 2177 6 2195 Ἴ

590 228 662 262 DE
688 226 1045 270 AFFECTIBUS,
1072 227 1186 260 E'rc.
1498 217 1586 260 105

205 339 378 402 Itaque
400 338 712 387 manifestum
735 344 809 386 est
832 353 967 402 spem
994 344 1043 385 et
1065 343 1240 384 metum
1264 337 1335 384 ita
1358 337 1588 385 alternari

204 415 334 462 inter
368 430 433 473 se,
468 422 523 462 ut
553 414 740 462 nullum
770 413 872 460 fere
902 420 1094 476 tempus
1123 419 1225 460 tam
1253 413 1401 459 breve
1425 413 1501 471 sit,
1531 420 1589 461 ut

205 506 306 538 non
328 490 483 553 possit
505 506 673 538 eorum
691 488 1075 537 vicissitudinem
1093 488 1358 536 continere.
1418 489 1589 551 Itaque

207 583 325 631 spes
357 573 407 614 et
436 572 590 613 metus
623 564 1014 629 perturbationes
1049 563 1270 611 dicendae
1303 570 1423 611 111110
1461 571 1591 622 sunt,

209 642 404 706 quando
427 642 584 689 ambae
601 640 883 689 brevissimo
908 648 1129 703 tempore
1154 638 1486 697 continentur,
1507 655 1593 687 no-

171 779 175 784 ,
208 717 554 781 minanturque
570 716 837 765 secundum
852 716 1082 764 affectum
1095 714 1459 778 praevalentem,
1479 715 1593 762 sim-

209 793 402 857 pliciter
425 810 542 858 spes
564 792 641 840 vel
664 799 835 840 metus.

276 875 324 917 4.
362 869 413 916 Si
431 868 743 916 incumbente
765 867 843 915 vel
866 868 1125 931 ingruente
1145 866 1273 914 malo
1299 881 1408 929 spes
1432 865 1593 913 subita

211 944 513 1008 concipiatur
535 944 752 1008 superari
775 943 897 992 illud
914 943 1097 991 malum
1114 958 1256 1005 posse
1274 941 1593 1005 repugnando

211 1020 312 1069 sive
343 1020 628 1078 resistendo,
661 1020 817 1068 oritur
851 1019 1011 1083 passio
1045 1036 1154 1083 quae
1186 1019 1459 1082 appellatur
1497 1018 1596 1065 ira.

212 1095 276 1143 Et
290 1095 445 1143 oritur
463 1094 660 1158 quidem
676 1095 936 1159 saepissime
951 1096 1011 1143 ab
1029 1094 1257 1158 opinione
1274 1101 1597 1157 contemptus.

212 1170 331 1218 Vult
359 1186 477 1234 ergo
505 1169 656 1218 iratus
687 1170 848 1219 facere
881 1178 1119 1233 quantum
1149 1177 1311 1234 potest
1344 1169 1422 1218 vel
1455 1184 1600 1232 posse

213 1254 391 1310 sperat,
432 1261 495 1293 ne
533 1245 739 1293 aliorum
774 1245 985 1294 ludibrio
1029 1245 1232 1294 idoneus
1273 1253 1322 1294 et
1362 1244 1601 1293 obnoxius

214 1337 320 1370 esse
356 1321 593 1380 videatur,
632 1321 860 1369 nimirum
896 1322 1080 1370 malum
1117 1321 1445 1385 contemptori
1480 1320 1602 1368 infe-

214 1397 366 1446 rendo
400 1406 639 1460 quantum
674 1397 766 1446 sibi
799 1398 915 1446 satis
947 1414 1051 1446 esse
1085 1398 1330 1446 videbitur
1359 1397 1423 1445 ad
1455 1396 1603 1445 effici-

215 1473 412 1532 endum,
427 1482 486 1521 ut
504 1474 619 1521 mali
633 1473 756 1522 illati
773 1474 1028 1537 poeniteat.
1089 1474 1187 1522 Sed
1204 1490 1304 1522 non
1321 1480 1396 1521 est
1413 1489 1605 1536 semper

216 1565 328 1598 cum
342 1549 416 1597 ira
430 1550 694 1612 conjuncta
707 1549 986 1613 hypolepsis
1003 1549 1086 1597 illa
1101 1556 1425 1613 contemptus.
1476 1550 1606 1597 Nam

215 1624 538 1689 procedentes
584 1625 648 1672 ad
698 1641 1038 1689 quemcunque
1083 1626 1231 1673 finem
1282 1626 1603 1690 propositum,

219 1717 521 1764 quaecunque
558 1716 636 1748 res
663 1701 1098 1765 ‘progredientibus
1133 1703 1346 1761 obstant,
1383 1703 1530 1750 etiam
1565 1702 1605 1749 si

219 1777 446 1825 animatae
469 1792 570 1824 non
594 1776 692 1824 sint
714 1793 874 1840 neque
899 1793 1015 1841 ergo
1051 1786 1364 1826 contemnere
1397 1778 1604 1842 possint,

220 1853 511 1916 simulatque
535 1869 644 1916 spes
679 1853 960 1916 apparuerit
985 1854 1239 1902 obstacula
1261 1854 1374 1902 talia
1399 1854 1479 1902 via
1500 1870 1606 1901 mo-

220 1928 325 1977 veri
347 1944 505 1992 posse,
528 1929 627 1976 vim
646 1937 867 1988 evocant,
893 1929 944 1977 id
962 1938 1052 1988 est,
1083 1929 1206 1977 iram
1225 1930 1491 1978 ostendunt
1510 1945 1607 1993 qua

221 2004 493 2053 amovenda
515 2012 643 2053 sunt.

288 2080 462 2128 Affinis
486 2080 571 2128 irae
595 2088 669 2129 est
696 2081 898 2129 affectus
929 2080 1011 2145 qui
1042 2081 1223 2130 Graecis
1253 2084 1376 2142 μῆνις
1411 2081 1609 2139 dicitur,

221 2155 452 2204 nimirum
477 2156 659 2220 cupido
685 2156 930 2216 vindictoe,
955 2156 1007 2204 id
1031 2164 1121 2215 est,
1158 2164 1385 2205 constans
1420 2163 1470 2205 et
1502 2156 1610 2203 diu-

222 2239 371 2281 turna
391 2232 616 2280 voluntas
640 2231 784 2279 alicui
808 2232 932 2280 male
955 2232 1166 2280 faciendi
1190 2249 1247 2281 eo
1271 2234 1384 2292 fine,
1415 2240 1473 2280 ut
1497 2248 1611 2296 sup-

223 2307 394 2373 positae
435 2307 624 2371 injuriae
665 2308 725 2355 ab
765 2306 848 2355 illo
882 2307 1030 2356 illatae
1066 2308 1203 2356 illum
1238 2309 1492 2372 poeniteat,
1533 2309 1611 2356 vel

225 2384 346 2432 alios
380 2384 442 2432 ab
478 2383 658 2446 injuria
687 2382 777 2430 sibi
806 2382 1060 2432 inferenda
1081 2385 1369 2433 absterreat.
1440 2385 1612 2434 Qualis

226 2467 332 2508 erat
362 2459 436 2508 ira
464 2459 670 2507 Achillis
701 2465 874 2507 contra
909 2460 1108 2508 Graecos
1147 2468 1350 2524 propter
1383 2461 1613 2525 injuriam

226 2536 412 2584 illatam
435 2535 526 2583 sibi
544 2536 605 2583 ab
624 2536 1006 2598 Agamemnone.
1075 2536 1251 2584 Differt
1269 2545 1434 2602 autem
1452 2538 1513 2585 ab
1532 2537 1616 2585 illa

227 2611 381 2660 altera
408 2611 496 2671 ira,
532 2627 589 2659 eo
625 2610 757 2675 quod
791 2610 874 2659 illa
906 2612 1161 2675 repentina
1193 2613 1271 2672 sit,
1306 2613 1413 2661 haec
1441 2620 1616 2661 contra

229 2688 619 2736 constantissime
656 2695 759 2735 tam
794 2687 877 2735 diu
910 2687 1053 2737 duret
1084 2705 1231 2753 quam
1259 2689 1344 2738 diu
1367 2690 1615 2753 expectari

228 2770 393 2827 potest
417 2764 667 2813 conversio
691 2763 841 2812 animi
864 2765 982 2827 ejus,
1019 2765 1098 2812 0111
1128 2765 1397 2825 irascimur,
1432 2765 1496 2814 ad
1529 2783 1616 2814 vo-

230 2838 471 2888 luntatem
504 2847 735 2889 nostram.
806 2840 978 2905 Itaque
1011 2840 1278 2890 vindictam
1314 2858 1414 2891 non
1454 2842 1617 2907 explet

1642 359 1769 393 SECT.
1792 360 1844 392 11.

1707 411 1764 442 12.
