2020 3262
521 275 615 318 242
1056 288 1358 334 IMUPERIUM.

277 417 403 450 sEcT,
420 417 488 450 111,
520 403 671 456 ratur,
691 412 791 445 non
813 397 997 464 possint
1021 399 1246 463 disjungi.
1297 398 1528 446 Rationes
1551 404 1729 456 autem,
1749 413 1901 461 quare

279 514 283 523 ,
359 467 391 501 ⁷·
462 515 466 524 ‚
519 471 614 520 1100
638 472 890 536 contingit,
906 474 1088 522 eaedem
1112 483 1225 522 sunt
1249 489 1368 537 quas
1383 473 1671 521 adduximus
1694 473 1898 522 articulo

521 547 705 610 quinto.

258 626 446 707 ffi‘fflffl.
590 628 665 671 11.
702 623 771 671 Ut
795 624 1139 683 aristocratia,
1154 625 1224 672 ita
1248 639 1439 687 quoque
1457 623 1743 671 monarchia
1764 639 1796 672 a
1810 640 1901 688 po·-
1967 692 1970 696 =

259 713 315 741 bus
329 714 492 744 comitata.
517 702 693 746 testate
709 699 894 763 populi
917 699 1177 758 derivatur,
1197 700 1381 747 scilicet
1405 700 1495 762 jas
1518 714 1673 757 suum,
1695 699 1791 747 hoc
1809 707 1898 758 est,

517 788 746 821 summam
765 774 1022 838 imperium
1051 774 1103 821 in
1125 791 1268 822 anam
1291 774 1525 821 hominem
1547 773 1896 823 transferentis.

519 847 615 895 Hic
639 864 829 912 quoque
851 849 1219 912 intelligendum
1256 855 1344 907 est,
1369 865 1510 896 annm
1533 855 1720 896 certum
1747 849 1897 897 homi-

518 940 638 983 nem,
669 925 866 972 nomine
897 925 974 972 vel
1005 925 1100 972 alia
1122 933 1240 972 nota
1262 941 1292 972 a
1315 924 1503 972 caeteris
1536 923 1759 971 omnibus
1794 923 1898 988 dig-

516 999 829 1058 noscendum,
854 1000 1078 1063 proponi,
1099 1006 1244 1062 atque
1260 999 1310 1046 in
1328 1015 1438 1046 eum
1457 1000 1537 1061 jus
1556 1014 1699 1047 omne
1715 998 1898 1064 populi

516 1073 794 1135 pluralitate
809 1074 1147 1137 suffragiorum
1162 1074 1414 1122 transferri
1435 1094 1447 1129 ;
1482 1073 1551 1122 ita
1583 1080 1640 1121 ut
1664 1073 1897 1138 quicquid

515 1157 744 1212 potuerat
781 1149 1003 1215 popalus
1049 1157 1309 1213 antequam
1350 1149 1625 1212 eligeretur,
1665 1149 1717 1197 id
1752 1165 1895 1198 omne

515 1232 687 1287 postea
705 1226 814 1288 jure
831 1226 986 1288 possit
1002 1225 1161 1273 facere
1180 1225 1376 1273 electus.
1414 1224 1560 1273 Quod
1578 1241 1687 1272 cum
1710 1224 1894 1273 factum

518 1306 607 1358 est,
627 1299 849 1363 populas
871 1316 971 1347 non
989 1300 1193 1363 amplius
1215 1307 1289 1347 est
1301 1315 1526 1364 persona
1549 1316 1662 1359 nna,
1687 1299 1774 1347 sed
1797 1300 1894 1348 dis-

515 1374 674 1421 soluta
727 1374 1003 1432 multitudo,
1051 1374 1226 1438 quippe
1273 1391 1379 1438 quae
1423 1390 1521 1422 una
1565 1381 1670 1422 erat
1713 1374 1892 1423 virtute

515 1456 708 1496 tantum
747 1449 919 1496 summi
959 1449 1172 1513 imperii,
1214 1449 1344 1513 quod
1379 1450 1481 1512 jam
1521 1466 1550 1497 a
1584 1465 1634 1497 se
1673 1449 1724 1497 in
1760 1450 1891 1498 hunc

514 1524 884 1572 transtulerunt.

238 1610 403 1640 Monarcha
415 1621 462 1640 na
589 1605 662 1647 12.
699 1599 871 1662 Neque
886 1615 1000 1662 ergo
1016 1599 1282 1646 monarcha
1300 1599 1405 1646 ullis
1421 1615 1471 1647 se
1487 1600 1641 1662 pactis
1665 1601 1890 1664 cuiquam

235 1655 308 1682 mini
321 1655 358 1682 ob
368 1664 464 1692 recep·
924 1673 933 1682 .
1078 1673 1088 1682 .
1351 1674 1361 1683 .
1435 1674 1446 1683 .
1636 1674 1646 1684 .
1686 1675 1697 1684 .
1824 1675 1835 1684 .

236 1700 300 1725 tum
313 1698 467 1735 imperium
516 1674 578 1722 ob
621 1681 873 1737 receptum
922 1689 1178 1736 imperlum
1214 1674 1501 1736 obstrmglt:
1550 1681 1724 1737 reclplt
1760 1690 1890 1723 enlm

231 1741 485 1779 9⁸⁶fi⁵⁰b¹³⁸³¹⁵¹²²
514 1749 771 1812 imperium
799 1766 828 1797 a
854 1749 1063 1813 populo,
1102 1749 1187 1796 sed
1215 1755 1271 1797 ut
1305 1749 1523 1812 proxime
1555 1765 1700 1812 supra
1730 1757 1890 1799 osten-

514 1841 619 1872 sum
667 1833 754 1883 est,
790 1823 1024 1888 populas,
1067 1825 1231 1872 statim
1283 1831 1428 1887 atque
1475 1824 1527 1872 id
1571 1825 1755 1873 factum
1801 1832 1887 1885 est,

502 1916 744 1963 persona,
783 1915 885 1948 esse
932 1899 1141 1955 desinit3
1176 1907 1411 1963 pereunte
1448 1906 1610 1947 autem
1653 1915 1886 1964 persona,

510 1976 638 2038 perit
662 1976 817 2023 omnis
842 1975 904 2022 ad
920 1991 1189 2038 personam
1214 1975 1463 2038 obligatio,
1528 1975 1779 2024 Tenentur
1798 1975 1889 2024 ita-

513 2066 607 2112 que
632 2051 762 2098 cives
786 2050 848 2098 ad
863 2050 1187 2097 obedientiam
1211 2049 1530 2097 mmonarchoe
1545 2049 1885 2113 praestandam,

509 2126 665 2187 pactis
698 2125 792 2172 illis
822 2132 1028 2183 tantum,
1062 2125 1234 2187 quibus
1270 2131 1439 2171 mutuo
1471 2139 1522 2171 se
1558 2124 1887 2187 obligaverant

511 2201 575 2248 ad
610 2217 667 2248 ea
691 2201 868 2260 omnia,
895 2217 1003 2265 quae
1023 2200 1240 2264 popalus
1272 2206 1506 2258 censeret,
1530 2199 1764 2259 facienda,
1789 2200 1886 2249 hoc

509 2285 597 2335 est,
621 2276 685 2324 ad
713 2275 1036 2324 obediendum
1051 2274 1344 2333 monarchoe,
1369 2274 1411 2322 si
1434 2290 1463 2321 a
1479 2273 1669 2338 populo
1701 2276 1882 2323 consti-

504 2358 743 2399 tueretur.

226 2442 390 2492 Moqareha
403 2452 472 2493 ⁸⁴³¹.¹¹·
581 2433 595 2475 1
610 2434 655 2474 3.
681 2427 854 2474 Differt
868 2433 1030 2473 autem
1044 2424 1330 2472 monarchia
1348 2432 1453 2472 tum
1463 2424 1527 2471 ab
1536 2423 1881 2486 aristocratia,

224 2495 276 2522 W
293 2496 324 2513 ¹¹¹
341 2490 469 2523 menna
507 2509 612 2550 tum
636 2518 666 2549 a
689 2501 996 2549 democratia
1018 2501 1069 2547 in
1085 2500 1194 2559 hoc,
1222 2500 1352 2563 quod
1373 2500 1452 2547 hic
1474 2506 1529 2548 ut
1552 2499 1806 2548 deliberari
1834 2508 1883 2550 et

224 2529 357 2566 proxima
379 2533 421 2557 est
434 2530 471 2558 ad

223 2571 482 2653 ζζζωξὲᾗζζᾙζζξ·
508 2578 717 2636 decerni,
736 2578 830 2624 hoc
855 2584 943 2635 est,
967 2583 1022 2623 ut
1051 2576 1307 2638 imperium
1341 2582 1455 2622 actu
1477 2575 1690 2622 exerceri
1710 2576 1881 2638 possit,

222 2658 471 2707 adfmperiumw
506 2652 804 2716 temporibus
828 2651 1114 2714 quibusdam
1137 2659 1187 2698 et
1221 2651 1339 2698 locis
1377 2649 1612 2697 condictis
1630 2666 1750 2712 opus
1774 2657 1879 2705 est;

225 2704 390 2738 quuunmr'
505 2729 605 2776 illic
629 2728 761 2776 omni
779 2734 997 2790 tempore
1016 2734 1065 2774 et
1082 2727 1189 2774 loco
1214 2726 1504 2773 deliberatur
1521 2731 1571 2771 et
1588 2724 1878 2774 decernitur.

506 2803 702 2867 Populo
734 2804 878 2861 enim,
920 2810 976 2849 ut
1016 2811 1066 2849 et
1108 2800 1442 2865 optimatibus,
1484 2800 1598 2863 quia
1629 2816 1729 2848 non
1767 2808 1880 2848 sunt

506 2895 647 2926 anam
685 2878 932 2936 naturale,
970 2893 1230 2941 congressu
1266 2891 1384 2938 opus
1419 2881 1507 2923 est.
1577 2875 1878 2936 Monarcha,
