2020 3262
488 227 581 278 372
1051 241 1296 276 RELIGIO.

972 498 1185 546 CAPUT
1221 498 1380 546 XVII.

636 596 642 599 '
674 594 678 601 ‘
706 605 767 636 DE
804 605 962 638 REGNo
998 607 1080 638 DEI
1116 607 1207 638 PER
1244 605 1435 637 PACTUM
1471 604 1652 636 NOVUM.

488 681 523 717 1.
551 678 741 717 Vaticinia
758 680 805 717 de
825 679 966 718 Christi
995 681 1190 731 dignitate.
1246 682 1283 718 2.
1310 680 1500 717 Vaticinia
1518 680 1565 717 de
1585 679 1725 718 Christi
1744 674 1866 716 humi-

535 740 640 778 litate
659 746 697 778 et
713 742 896 790 passione.
941 745 975 780 3.
1004 742 1137 780 Jesum
1155 754 1235 779 esse
1253 742 1358 778 illum
1374 741 1578 779 Christum.
1621 744 1659 779 4.
1687 741 1866 791 Regnum

535 800 613 838 Dei
639 814 707 851 per
733 808 887 851 pactum
914 815 1055 840 novum
1083 815 1157 840 non
1186 815 1267 840 esse
1294 815 1455 852 regnum
1480 802 1632 847 Christi,
1652 807 1695 839 ut
1713 802 1866 847 Christi,

535 862 603 899 sed
621 868 664 900 ut
681 862 770 900 Dei.
822 866 860 902 5.
888 863 1065 912 Regnum
1085 863 1161 900 Dei
1179 876 1247 912 per
1264 869 1419 912 pactum
1437 875 1578 901 novum
1597 863 1748 901 coeleste
1774 875 1866 909 esse,

536 928 575 960 et
601 924 767 972 incipere
794 936 818 961 a
844 924 905 961 die
926 924 1074 974 judicii.
1128 927 1165 963 6.
1194 924 1380 974 Regimen
1401 924 1542 963 Christi
1569 924 1608 961 in
1632 924 1706 961 hoc
1725 923 1871 961 mundo.

536 995 613 1020 non
627 983 741 1021 fuisse
756 984 967 1034 imperium,
983 985 1050 1022 sed
1068 985 1277 1029 consilium,
1292 985 1371 1022 sive
1386 985 1553 1035 regimen
1572 997 1641 1034 per
1658 984 1869 1022 doctrinam

539 1048 578 1081 et
603 1046 896 1093 persuasionem.
948 1046 985 1086 7.
1014 1045 1122 1083 Pacti
1150 1047 1239 1083 novi
1270 1046 1453 1095 promissa
1483 1046 1663 1095 utrinque
1694 1057 1869 1096 quaenam

538 1104 624 1141 sint.
678 1105 714 1142 8.
741 1104 865 1155 Leges
893 1117 916 1143 a
941 1105 1093 1144 Christo
1120 1106 1234 1143 nullae
1260 1106 1399 1144 additae
1426 1112 1567 1156 praeter
1594 1106 1870 1144 institutionem

540 1164 882 1203 Sacramentorum.
937 1169 974 1205 9.
1001 1166 1253 1212 Poenitemini,
1274 1168 1529 1217 baptizamini,
1555 1180 1664 1204 serva
1681 1167 1870 1212 mandata,

539 1231 578 1262 et
596 1225 736 1262 similes
754 1225 941 1271 formulae,
962 1239 1036 1263 non
1057 1233 1144 1264 sunt
1163 1228 1278 1277 leges.
1335 1230 1395 1266 10.
1414 1228 1584 1265 Pertinet
1601 1228 1650 1265 ad
1668 1228 1872 1266 auctorita-

537 1291 616 1323 tem
643 1286 792 1323 civilem
820 1286 988 1332 definire,
1008 1288 1101 1336 quid
1126 1288 1175 1325 sit
1200 1293 1401 1337 peccatum
1427 1288 1634 1338 injustitiae.
1691 1291 1751 1327 11.
1780 1289 1873 1327 Per-

538 1347 634 1383 tinet
651 1346 700 1383 ad
717 1347 981 1384 auctoritatem
1001 1348 1150 1385 civilem
1168 1348 1335 1394 definire,
1356 1350 1448 1399 quid
1466 1349 1655 1387 conducat
1672 1349 1720 1386 ad
1739 1362 1874 1399 pacem

540 1411 579 1444 et
597 1406 854 1445 defensionem
873 1409 1047 1446 civitatis.
1103 1411 1164 1447 12.
1193 1409 1364 1447 Pertinet
1377 1411 1425 1447 ad
1439 1411 1706 1448 auctoritatem
1724 1410 1874 1448 civilem

534 1468 720 1519 judicare,
740 1470 894 1519 quando
921 1482 1016 1518 opus
1043 1474 1110 1515 est,
1138 1483 1225 1519 quae
1253 1471 1489 1509 definitiones
1516 1476 1555 1509 et
1578 1484 1664 1521 quae
1688 1471 1874 1509 illationes

539 1542 641 1567 verae
668 1531 755 1568 sint.
811 1533 870 1570 13.
898 1529 1071 1568 Pertinet
1098 1531 1146 1568 ad
1174 1532 1340 1569 officium
1368 1531 1511 1570 Christi
1545 1533 1681 1570 docere
1705 1532 1874 1575 moralia,

541 1603 618 1628 non
637 1596 680 1628 ut
697 1592 944 1637 theoremata,
963 1592 1029 1629 sed
1051 1596 1094 1629 ut
1114 1592 1241 1642 leges3
1268 1593 1459 1631 remittere
1476 1588 1655 1643 peccata3
1682 1598 1720 1631 et
1738 1593 1875 1631 docere

543 1653 681 1698 omnia,
700 1665 864 1702 quorum
882 1665 958 1690 non
980 1658 1037 1690 est
1063 1654 1221 1690 scientia
1240 1654 1393 1703 proprie
1411 1654 1524 1692 dicta.
1581 1657 1641 1692 14.
1669 1653 1876 1692 Distinctio

543 1714 809 1763 temporalium
838 1726 862 1751 a
892 1714 1162 1763 spiritualibus.
1217 1717 1277 1754 15.
1305 1715 1476 1753 Verbum
1502 1715 1579 1753 Dei
1607 1715 1878 1765 quotupliciter

544 1774 788 1824 intelligatur.
844 1778 904 1814 16.
918 1774 1006 1812 Non
1021 1776 1159 1819 omnia,
1175 1788 1261 1825 quae
1276 1776 1464 1814 habentur
1481 1777 1520 1813 in
1535 1776 1731 1826 Scriptura
1750 1776 1878 1821 Sacra,

543 1836 734 1885 pertinere
761 1836 809 1873 ad
837 1848 1021 1873 canonem
1042 1836 1132 1873 fidei
1152 1836 1387 1875 Christianae.
1442 1838 1503 1878 17.
1531 1837 1702 1875 Verbum
1719 1837 1879 1888 legitimi

544 1897 760 1945 interpretis
781 1896 980 1935 Sacrarum
996 1896 1279 1946 Scripturarum
1291 1910 1372 1935 esse
1385 1898 1545 1935 verbum
1562 1898 1650 1935 Dei.
1694 1901 1754 1936 18.
1771 1897 1879 1935 Auc-

544 1958 677 1994 toritas
699 1958 972 2007 interpretandi
1000 1958 1212 2008 Scripturas
1239 1959 1371 1996 eadem
1390 1964 1456 2004 est,
1486 1971 1572 2009 quae
1603 1959 1879 1997 determinandi

545 2018 636 2055 fidei
662 2020 948 2056 controversias.
1004 2022 1065 2058 19.
1095 2019 1277 2056 Ecclesiae
1303 2019 1430 2068 plures
1457 2019 1763 2069 significationes.
1815 2021 1878 2059 20.

546 2078 651 2120 Quid
669 2079 718 2116 sit
735 2079 906 2124 ecclesia,
925 2080 987 2116 cui
1006 2080 1265 2117 attribuuntur
1276 2080 1376 2130 jura,
1396 2081 1575 2126 actiones,
1590 2086 1629 2118 et
1641 2081 1776 2118 similia
1793 2093 1878 2131 per-

545 2139 698 2177 sonalia.
753 2142 817 2178 21.
847 2140 990 2178 Civitas
1010 2141 1224 2178 Christiana
1243 2141 1343 2178 idem
1362 2141 1465 2190 quod
1480 2142 1639 2179 ecclesia
1653 2142 1878 2180 Christiana.

544 2202 610 2238 22.
638 2201 771 2238 Plures
789 2202 960 2239 civitates
978 2214 1053 2239 non
1073 2203 1309 2239 constituunt
1326 2214 1442 2239 unam
1459 2203 1667 2240 ecelesiam.
1711 2205 1773 2241 23.
1803 2202 1880 2240 Ec-

546 2262 747 2300 clesiastici
774 2263 852 2312 qui.
909 2266 973 2301 24.
1003 2263 1239 2300 Electionem
1266 2264 1607 2301 ecelesiasticorum
1632 2269 1802 2313 spectare
1828 2263 1878 2300 ad

547 2323 757 2366 ecclesiam,
784 2324 1106 2361 consecrationem
1133 2325 1181 2361 ad
1208 2329 1388 2374 pastores.
1443 2327 1507 2363 25.
1535 2323 1766 2362 Potestatem
1789 2337 1877 2373 pec-

547 2390 633 2422 cata
649 2385 920 2434 poenitentibus
938 2385 1165 2430 remittendi,
1182 2398 1256 2422 non
1270 2386 1535 2434 poenitentium
1554 2384 1750 2430 retinendi,
1770 2397 1877 2434 spec-

547 2451 628 2482 tare
655 2446 704 2482 ad
727 2451 916 2495 pastores;
943 2446 1010 2483 sed
1034 2447 1081 2483 de
1109 2447 1332 2495 poenitentia
1352 2446 1564 2496 judicandi,
1590 2447 1639 2484 ad
1667 2446 1877 2484 ecclesiam.

546 2509 612 2546 26.
641 2506 997 2544 Excommunicatio
1015 2507 1119 2557 quid,
1139 2512 1176 2544 et
1195 2508 1232 2543 in
1253 2519 1348 2556 quos
1366 2508 1501 2545 cadere
1519 2520 1595 2545 non
1621 2512 1756 2556 potest.
1811 2509 1876 2544 27.

548 2567 906 2616 Interpretationem
927 2568 1133 2617 Scripturae
1153 2568 1366 2617 dependere
1393 2569 1442 2606 ab
1461 2568 1683 2606 auctoritate
1702 2568 1876 2605 civitatis.

549 2631 613 2666 28.
642 2627 895 2665 Christianam
923 2630 1115 2666 civitatem
1145 2628 1359 2678 Scripturas
1377 2630 1615 2679 interpretari
1644 2629 1783 2667 debere
1809 2642 1878 2679 per

238 2672 367 2705 SECT·
388 2671 455 2703 ῙῙῙ·
549 2694 718 2737 pastores
735 2689 1019 2727 ecclesiasticos.

251 2721 441 2791 L
505 2772 545 2813 l.
582 2766 662 2813 DE
688 2765 811 2812 Jesu
840 2765 1043 2814 Christo
1080 2767 1335 2815 Servatore
1357 2774 1539 2826 nostro,
1564 2767 1647 2829 qui
1669 2784 1877 2831 regnum

216 2816 362 2844 Vaticinia
376 2815 412 2842 de

219 2859 329 2888 ein-isti
342 2857 481 2895 dignitate
498 2840 598 2888 Dei
632 2857 720 2904 per
748 2848 955 2906 pactum
988 2859 1168 2891 novum
1202 2843 1513 2891 restituturus
1547 2850 1667 2902 erat,
1697 2843 1877 2906 partim
