2020 3262
434 215 528 256 358
998 225 1244 258 nummo.

174 359 303 391 SECT,
324 359 391 391 111,
424 334 722 398 principem,
746 341 795 382 et
798 335 1023 399 facilius
1046 336 1124 383 vel
1148 335 1537 400 exquisitissima
1552 349 1817 398 poenarum

262 409 310 440 ¹⁶·
431 425 625 474 genera
648 409 821 468 laturi,
845 427 943 458 una
974 428 1079 458 cum
1114 410 1343 476 cognatis
1367 410 1471 457 suis
1496 426 1557 457 ae
1580 405 1818 456 charissi-

434 484 541 544 miS,
566 501 711 548 quam
733 486 989 534 mortalem
1016 486 1229 550 aliquem
1253 485 1519 550 appellare
1541 484 1818 532 Dominum.

153 561 297 633 ἓξὲξ-ῖς
309 561 388 633 ξξξῡ
508 566 582 609 10.
616 561 735 608 Jure
758 561 896 624 regni
918 577 1006 624 per
1019 568 1226 625 paetum
1250 561 1319 608 sic
1343 560 1627 618 constituto,
1651 559 1822 607 viden-

152 648 294 686 impositoe
316 648 381 677 sint·
438 635 556 684 dum
575 635 797 699 proximo
820 636 927 683 loco
952 644 1041 694 est,
1066 652 1301 697 quasnam
1325 635 1393 683 eis
1426 635 1564 683 Deus-
1583 649 1821 698 proposu-

438 711 531 759 erit
554 710 709 775 lege-s'.
778 710 862 757 Eae
886 726 1000 758 vero
1026 711 1250 758 omnibus
1280 718 1412 758 notae
1440 719 1568 769 sunt,
1591 710 1822 758 nimirum

436 785 743 850 DeealoguS,
768 793 818 833 et
836 786 931 834 illae
954 786 1076 843 aliae,
1101 795 1203 834 tam
1216 785 1493 849 judiciales
1518 802 1663 849 quam
1686 801 1823 832 cere-

437 859 689 918 moniale-5,
715 876 825 923 quae
864 861 1106 908 habentur
1139 877 1169 908 a
1207 861 1438 909 vicesimo
1475 861 1633 924 capite
1667 859 1825 908 Exodi

435 951 590 999 usque
613 935 677 983 ad.
699 936 846 982 finem
870 936 1187 983 Pentateuchi
1211 944 1261 984 et
1287 937 1475 984 obitum
1499 936 1667 984 Mosis.
1726 935 1824 983 Le-

434 1027 555 1076 gum
589 1017 754 1058 autem
782 1011 834 1058 in
863 1011 1143 1059 universum
1165 1027 1253 1074 per
1275 1029 1475 1060 manum
1498 1012 1651 1060 Mosis
1673 1010 1826 1059 tradi-

438 1095 615 1144 tarum,
638 1085 746 1133 aliae
776 1093 889 1133 sunt
924 1102 1033 1149 quae
1066 1087 1355 1134 naturaliter
1390 1087 1624 1150 obligant,
1659 1093 1827 1150 utquae

439 1179 469 1210 a
483 1162 609 1219 Deo,
626 1167 862 1223 quatenus
881 1161 992 1208 Deo
1007 1168 1214 1220 naturai,
1229 1162 1342 1210 latae
1360 1169 1489 1221 sunt,
1509 1170 1559 1210 et
1572 1162 1672 1210 vim
1689 1177 1828 1210 suam

439 1236 757 1285 obtinuerunt
798 1236 946 1283 etiam
985 1245 1100 1284 ante
1139 1237 1471 1285 Abrahamum
1492 1257 1503 1284 ε
1556 1238 1679 1296 aliae,
1718 1253 1829 1301 quae

446 1311 665 1374 obligant
689 1326 748 1357 ex
770 1311 820 1357 vi
849 1312 999 1375 pacti
1033 1312 1143 1359 initi
1177 1328 1290 1359 cum
1323 1313 1619 1372 Abrahamo,
1655 1320 1828 1376 utpote

439 1387 552 1434 latae
570 1402 599 1432 a
616 1386 744 1444 Deo,
762 1393 1000 1448 quatenus
1016 1387 1180 1434 DeoA
1188 1387 1431 1447 brahami,
1451 1405 1559 1452 quae
1575 1389 1676 1436 vim
1693 1404 1830 1435 suam

441 1462 720 1509 habuerunt
738 1468 851 1508 ante
871 1461 1061 1517 Mosen,
1079 1471 1281 1525 propter
1294 1470 1500 1526 pactum
1522 1463 1643 1511 illud
1663 1463 1799 1527 prius
1815 1482 1828 1510 z

443 1537 552 1584 aliae
574 1552 692 1584 vero
718 1536 939 1599 obligant
970 1553 1030 1584 ex
1054 1544 1212 1601 paeto
1241 1538 1324 1586 illo
1349 1539 1468 1598 solo,
1489 1539 1620 1602 quod
1640 1546 1832 1603 postre-

443 1630 578 1661 mum
608 1612 785 1660 initum
826 1620 900 1660 est
936 1629 1048 1660 cum
1082 1613 1187 1676 ipso
1223 1614 1419 1676 populo,
1450 1621 1620 1677 utpote
1654 1615 1768 1662 latae
1803 1631 1834 1662 a

443 1689 556 1736 Deo
582 1695 821 1751 quatenus
845 1705 970 1753 rege
988 1689 1248 1753 peculiari
1271 1689 1616 1737 Israelitarum.
1684 1689 1833 1738 Primi

443 1764 636 1827 generis
671 1772 786 1811 sunt
818 1764 982 1812 omnia
1008 1772 1255 1827 praecepta
1278 1765 1528 1828 Decalogi,
1554 1781 1664 1828 quae
1685 1765 1836 1828 perti-

444 1845 565 1887 nent
598 1839 664 1886 ad
695 1855 870 1898 mores,
907 1839 1069 1902 qualia
1100 1847 1230 1898 sunt,
1255 1847 1503 1905 parentes·
1533 1840 1801 1889 honorabis
1814 1858 1834 1895 ;

446 1931 541 1962 non
585 1914 781 1962 occides
796 1933 815 1969 ;
866 1931 961 1962 non
1007 1914 1325 1963 moechaberis
1340 1934 1360 1970 ,·
1406 1932 1501 1964 non
1522 1915 1798 1980 furaberis·
1815 1934 1836 1971 ‚-

447 2006 542 2037 non
566 1990 702 2037 dices
720 1989 923 2053 falsum
959 1990 1286 2038 testimonium
1301 2009 1319 2046 ;
1354 2007 1448 2038 non
1485 1991 1799 2055 concupisces
1817 2009 1835 2038 .-

448 2073 564 2112 sunt
605 2065 733 2112 enim
769 2065 900 2128 leges
931 2065 1193 2112 naturales.
1263 2066 1505 2114 Praeterea
1536 2073 1836 2130 praeceptum

449 2140 512 2188 cle
534 2157 629 2188 non
652 2140 942 2188 assumendo
967 2140 1069 2187 Dei
1086 2141 1275 2188 nomine
1297 2141 1348 2188 in
1371 2158 1543 2189 vanum
1559 2159 1579 2196 ;
1613 2147 1688 2189 est
1705 2141 1836 2190 enim

448 2231 561 2279 pars
584 2215 741 2263 cultus
764 2216 1015 2274 naturalis,
1038 2223 1094 2263 ut
1130 2223 1382 2264 ostensum
1415 2224 1490 2264 est
1520 2216 1680 2280 capite
1712 2231 1837 2279 prae-

451 2291 670 2350 cedente,
696 2291 902 2338 articulo
927 2291 1117 2338 decimo
1142 2291 1329 2354 quinto.
1399 2292 1525 2339 Item
1552 2291 1836 2350 seeundum,

452 2367 515 2415 de
532 2383 626 2414 non
645 2367 905 2415 adorando
926 2383 1028 2431 per
1057 2367 1321 2432 imaginem
1345 2385 1377 2415 a
1398 2367 1582 2432 seipsis
1593 2367 1802 2430 saetam
1817 2386 1836 2422 ;

451 2449 526 2490 est
550 2443 680 2490 enim
711 2450 761 2490 et
782 2443 877 2490 hoc
900 2443 1150 2505 religionis
1173 2443 1426 2502 naturalis,
1445 2450 1503 2490 ut
1525 2442 1698 2491 eodem
1720 2442 1837 2490 arti-

452 2518 561 2565 culo
597 2518 886 2566 ostenditur.
958 2518 1170 2566 Secundi
1204 2519 1396 2582 generis
1428 2525 1502 2566 est
1538 2524 1839 2581 praeceptum

453 2592 687 2657 Decalogi
704 2594 931 2657 primum,
954 2593 1017 2642 de
1039 2610 1133 2641 non
1155 2594 1397 2642 habendis
1416 2594 1515 2642 diis
1538 2592 1719 2641 alienis
1733 2611 1752 2647 ,·
1786 2593 1840 2641 in

454 2682 511 2714 eo
536 2668 665 2715 enim
684 2669 905 2716 consistit
923 2669 1132 2716 essentia
1139 2669 1288 2732 pacti
1305 2668 1586 2726 Abrahami‚
1600 2684 1689 2731 per
1708 2668 1840 2731 quod

453 2742 586 2790 Deus
601 2743 723 2790 nihil
737 2743 870 2791 aliud
885 2743 1052 2806 exigit,
1063 2760 1209 2806 quam
1222 2751 1278 2791 ut
1291 2744 1394 2807 ipse
1409 2744 1540 2791 Deus
1554 2743 1705 2806 ipsius
1714 2750 1841 2791 esset

455 2824 505 2865 et
523 2818 719 2867 seminis
737 2820 855 2882 ejus.
926 2820 1051 2867 Item
1074 2827 1374 2883 praeceptum
1399 2819 1461 2867 de
1483 2819 1840 2881 sanctificando
