2020 3262
452 241 547 302 218
986 253 1287 286 IMPERIUM.

189 378 316 411 SECT,
337 379 404 411 111.
447 359 720 422 prietatem,
738 367 795 408 ut
819 361 940 408 alter
963 362 1072 420 hoc,
1097 363 1220 410 alter
1252 362 1371 409 illud
1395 361 1527 409 dicat
1550 378 1654 410 esse
1673 379 1827 424 suum,

278 429 308 459 6·
387 477 393 484 ,
446 434 568 482 1111111
593 435 685 483 erit
709 435 768 483 de
794 452 889 499 quo
912 444 1017 484 tota
1047 436 1327 495 multitudO,
1362 444 1417 484 ut
1431 452 1656 501 persona
1679 455 1708 487 a
1731 440 1830 488 sin-

445 510 560 573 gulo
607 511 833 574 quopiam
875 512 1120 570 distincta,
1166 513 1320 575 possit
1359 519 1491 559 recte
1520 512 1696 572 dicere,
1735 515 1829 564 hoc

444 602 595 632 meam
619 594 707 644 est,
732 587 887 650 magis
912 604 1058 650 quam
1096 588 1322 635 alienum.
1394 587 1566 650 Neque
1590 596 1664 635 est
1698 589 1828 638 actio

443 660 543 707 ulla
566 678 673 724 quae
698 663 998 710 multitudini
1022 663 1223 710 attribui
1249 663 1408 721 debet,
1433 671 1489 710 ut
1511 679 1602 710 Sua
1616 682 1636 718 ;
1671 663 1771 723 sed,
1788 663 1830 713 si

445 751 610 784 omnes
634 737 711 784 vel
743 738 905 799 plures
931 739 1279 796 consenserint,
1315 739 1442 786 actio
1474 755 1574 786 non
1611 739 1719 799 erit,
1744 740 1831 788 sed

444 818 519 858 tot
559 812 789 870 actiones,
816 820 936 875 quot
970 813 1205 861 homines.
1278 813 1586 876 Quamquam
1610 815 1738 862 enim
1778 815 1829 863 in

443 902 621 949 magna
644 887 805 950 aliqua
828 888 1081 945 seditione,
1105 888 1251 951 vulgo
1288 888 1384 936 dici
1409 889 1563 936 soleat
1588 889 1831 954 populum

443 962 570 1009 illius
608 963 817 1011 civitatis
843 964 1026 1027 cepisse
1050 980 1217 1019 arma;
1253 980 1423 1012 verum
1461 972 1628 1012 tamen
1661 973 1735 1013 est
1769 965 1829 1013 de

443 1037 537 1085 illis
563 1038 675 1085 solis
700 1039 782 1101 qui
813 1039 863 1086 in
887 1040 1032 1087 armis
1058 1047 1186 1098 sunt,
1210 1040 1287 1087 vel
1311 1040 1394 1102 qui
1417 1040 1475 1087 iis
1500 1040 1827 1088 consentiunt.

448 1112 641 1160 Civitas
665 1113 809 1173 enim,
830 1131 937 1177 quae
957 1131 1054 1162 zma
1069 1130 1295 1179 persona
1319 1122 1407 1174 est,
1434 1131 1606 1178 capere
1621 1131 1756 1163 arma
1777 1115 1829 1163 in

445 1187 651 1250 seipsam
668 1204 768 1235 non
789 1196 968 1252 potest.
1039 1189 1285 1252 Quicquid
1302 1189 1452 1252 igitur
1469 1207 1499 1238 a
1516 1190 1829 1238 multitudine

444 1262 628 1309 factum
652 1271 740 1321 est,
765 1263 1136 1327 intelligendum
1180 1272 1252 1311 est
1287 1264 1472 1312 factum
1495 1281 1599 1313 esse
1623 1266 1683 1312 ab
1706 1281 1829 1314 11110-

445 1353 637 1399 quoque
661 1354 828 1385 eorum
862 1355 921 1386 ex
955 1340 1127 1402 quibus
1161 1340 1243 1386 illa
1266 1341 1518 1388 conflatur.
1587 1341 1750 1404 Atque
1785 1342 1827 1389 is

446 1412 543 1475 qui,
558 1413 610 1459 in
627 1413 937 1461 multitudine
956 1415 1040 1462 illa
1064 1415 1290 1473 existens,
1309 1422 1472 1463 tamen
1487 1416 1545 1463 iis
1569 1433 1677 1479 quae
1698 1417 1829 1465 facta

445 1495 558 1534 sunt
603 1504 702 1535 non
749 1489 1063 1547 consenserit,
1111 1505 1267 1552 neque
1314 1507 1455 1553 opem
1501 1491 1682 1551 tulerit,
1728 1508 1827 1540 non

443 1562 615 1610 fecisse
662 1564 930 1611 censendus
977 1571 1064 1611 est.
1136 1565 1377 1612 Praeterea
1420 1566 1493 1613 111.
1516 1566 1827 1615 multitudine

441 1637 660 1685 nondum
682 1638 733 1685 in
774 1655 923 1686 unam
956 1655 1228 1702 personam,
1254 1657 1311 1688 eo
1334 1641 1480 1688 modo
1505 1658 1601 1704 quo
1643 1642 1828 1690 dictum

442 1721 531 1770 est,
556 1712 747 1770 coalita,
772 1721 938 1761 manet
961 1714 1041 1760 ille
1066 1721 1256 1762 naturoe
1279 1722 1458 1774 status,
1479 1716 1529 1763 111
1547 1733 1643 1780 quo
1667 1718 1827 1766 omnia

442 1788 647 1835 omnium
680 1796 820 1844 sunt;
858 1805 1017 1852 neque
1054 1789 1215 1836 locum
1255 1791 1402 1838 habet
1437 1792 1559 1839 illud
1593 1809 1745 1841 meum
1779 1801 1828 1842 et

443 1870 589 1922 tuum,
641 1864 772 1926 quod
824 1873 1028 1912 vocatur
1086 1865 1361 1925 dominium,
1409 1876 1458 1915 et
1493 1869 1794 1933 proprietas
1809 1888 1827 1917 .·

441 1947 700 2001 propterea
724 1941 855 2002 quod
879 1941 1098 1988 nondum
1117 1949 1278 1989 exstat
1302 1943 1535 1991 securitas
1558 1944 1655 2002 illa,
1682 1960 1827 2007 quam

441 2030 588 2077 supra
624 2015 686 2062 ad
711 2016 995 2063 exercitium
1030 2017 1192 2081 legum
1220 2019 1523 2066 naturalium
1546 2019 1726 2082 requiri
1749 2035 1826 2068 os-

440 2089 701 2137 tendimus.

182 2180 304 2207 111ffium
508 2163 554 2203 2.
594 2156 1014 2205 Considerandum
1039 2159 1214 2207 deinde
1240 2167 1327 2218 est,
1353 2177 1746 2224 unumquemque
1765 2177 1825 2209 ex

180 2221 426 2301 Qssffilfffiffl
442 2232 770 2291 multitudine,
796 2250 891 2296 quo
917 2235 1270 2283 constituendae
1295 2236 1502 2284 civitatis
1533 2236 1824 2299 principium

180 2308 393 2336 ⁰⁰¹¹³e¹²ffie¹²fi³·
442 2308 545 2366 fiat,
571 2307 746 2355 debere
766 2309 1041 2356 consentire
1067 2326 1177 2357 cum
1202 2311 1404 2369 caeteris,
1428 2318 1485 2358 ut
1507 2311 1558 2358 111
1581 2310 1638 2358 iis
1661 2311 1821 2370 rebus,

444 2399 553 2446 quae
587 2399 617 2430 a
656 2383 883 2446 quopiam
922 2384 970 2431 in
997 2393 1128 2432 coetu
1159 2395 1508 2448 proponentur,
1532 2401 1620 2447 pro
1657 2385 1825 2434 volun-

441 2464 543 2504 tate
585 2458 802 2505 omnium
844 2459 1082 2506 habeatur
1126 2459 1191 2517 id,
1246 2459 1377 2522 quod
1415 2459 1622 2506 voluerit
1656 2475 1824 2507 eorum

441 2533 599 2595 major
622 2549 750 2596 pars.
820 2533 930 2581 Alio
969 2535 1098 2581 enim
1133 2534 1279 2582 modo
1321 2534 1643 2581 multitudinis
1667 2534 1822 2581 homi-

440 2623 574 2666 num,
601 2625 807 2671 quorum
845 2609 1041 2672 ingenia
1082 2617 1130 2657 et
1165 2617 1280 2658 vota
1316 2610 1443 2657 inter
1478 2626 1528 2657 se
1566 2617 1667 2657 tam
1690 2610 1822 2658 varie

443 2682 688 2741 differunt,
730 2684 863 2731 nulla
900 2684 1098 2732 omnino
1142 2685 1233 2731 erit
1277 2684 1522 2731 voluntas.‘
1600 2684 1746 2732 Quod
1781 2685 1822 2732 si
1869 2681 1873 2684 ’

442 2759 548 2820 quis
571 2759 696 2806 nolit
727 2760 1015 2818 consentire,
1050 2760 1213 2807 caeteri
1248 2759 1349 2806 sine
1387 2775 1442 2807 eo
1479 2759 1725 2807 civitatem
1747 2761 1822 2808 ni-

442 2832 541 2880 hilo
578 2833 737 2882 minus
776 2834 903 2882 inter
940 2851 990 2882 se
1029 2835 1342 2882 constituent.
1413 2835 1486 2883 Ex
1524 2851 1621 2898 quo
1658 2837 1744 2884 fiet
1766 2843 1823 2884 ut
