2020 3262
282 285 355 320 DE
383 283 574 319 CAUSIS
601 281 909 317 CIVITATEM
937 281 1439 319 DISSOLVENTIBUS.
1488 274 1584 318 285

183 413 287 446 11115
323 403 374 445 et
413 395 573 459 prima
612 394 719 442 haec
757 399 864 448 est;
901 393 1233 458 cognitionem
1274 395 1337 443 de
1376 394 1497 443 bono
1538 402 1589 443 et
1629 413 1758 446 sac'r.
1778 411 1849 445 111.

185 472 317 522 malo
354 470 622 537 pertinere
663 469 737 518 ad
776 468 1020 534 singulos.
1109 470 1168 517 In
1214 475 1346 518 statu
1392 470 1585 533 quidem
1643 513 1648 520 .
1717 465 1767 496 ¹2·
1825 510 1834 521 ,

187 547 417 606 naturali,
441 546 526 594 ubi
544 547 655 609 jure
679 544 857 608 aequali
893 544 1074 607 singuli
1096 545 1286 605 vivunt,
1310 562 1404 594 nec
1428 562 1479 594 se
1502 562 1591 610 per
1607 558 1826 608 suificationqm

187 630 336 690 pacta
358 639 447 671 sua
462 621 669 670 aliorum
691 619 896 684 imperio
924 620 1270 680 submiserunt,
1293 638 1461 670 veram
1485 637 1592 669 eam
1608 601 1844 682 Ξᾏῐξιῧζζῃῗὲῑῗξι.

189 716 295 749 5555
318 697 650 755 concedimus,
674 696 772 744 imo
810 697 972 760 capite
1009 697 1185 760 primo,
1211 698 1420 746 articulo
1444 714 1591 756 nono,
1610 688 1844 769 ζζζζζξοῗοῶᾱω

189 774 521 840 probavimus.
592 772 691 820 Sed
714 772 765 819 in
789 778 921 820 statu
942 771 1091 832 civili,
1115 773 1239 822 falsa
1256 780 1346 822 est.
1416 774 1593 822 Osten-

191 867 300 900 sum
323 849 455 898 enim
497 855 572 896 est
609 848 770 911 capite
795 854 956 906 sexto,
982 848 1190 897 articulo
1215 865 1363 908 nono,
1400 849 1594 913 regulas

194 926 308 976 boni
344 933 395 974 et
419 924 556 982 mali,
581 923 717 987 justi
741 930 791 971 et
823 922 1013 986 injusti,
1040 924 1235 973 honesti
1257 933 1309 973 et
1332 925 1595 983 inhonesti,

192 1018 299 1052 5555
320 1002 455 1065 leges
478 1000 659 1058 civiles,
683 999 892 1062 ideoque
925 999 1058 1063 quod
1080 1000 1331 1064 legislator
1351 1018 1597 1065 praecepe-

193 1078 276 1137 rit,
300 1077 352 1126 id
390 1092 482 1142 pro
521 1075 643 1124 bono
660 1094 679 1130 ;
714 1075 848 1139 quod
880 1076 1112 1136 vetuerit,
1138 1077 1189 1125 id
1228 1094 1319 1141 pro
1355 1077 1485 1125 malo
1509 1077 1597 1125 ha-

196 1154 412 1203 dendum
458 1168 578 1201 5555.
648 1152 922 1215 Legislator
968 1159 1133 1200 autem
1182 1170 1374 1218 semper
1419 1154 1460 1201 is
1507 1160 1596 1212 est,

198 1232 340 1295 cujus
363 1235 451 1278 ‘est
484 1229 537 1276 in
568 1227 771 1275 civitate
795 1227 1057 1291 imperium
1094 1245 1356 1289 summum,
1388 1230 1483 1278 hoc
1509 1237 1599 1288 est,

197 1306 250 1355 in
272 1304 558 1354 monarchia
581 1304 860 1351 monarcha.
932 1305 1070 1353 Idem
1089 1307 1500 1366 confirmavimus,
1520 1323 1600 1354 ca-

197 1382 314 1447 pitis
341 1380 590 1430 undecimi
614 1380 822 1428 articulo
845 1391 1001 1439 sexto,
1026 1398 1087 1429 ex
1110 1383 1273 1430 verbis
1298 1382 1600 1430 Salomonis.

199 1457 456 1523 Siquidem
475 1457 608 1505 enim
626 1456 929 1520 sequendum
948 1464 1004 1505 ut
1021 1458 1221 1518 bonum,
1242 1466 1292 1507 et
1309 1458 1603 1522 fugiendum

200 1542 260 1584 ut
275 1535 475 1594 malum,
494 1541 622 1582 esset
635 1533 703 1593 id,
721 1533 854 1597 quod
873 1534 1078 1597 singulis
1097 1535 1256 1582 visum
1269 1535 1434 1594 fuerit,
1457 1550 1603 1598 quor-

200 1627 311 1660 sum
325 1617 552 1675 spectant
566 1610 717 1658 verba
740 1611 867 1673 ejus:
892 1611 942 1672 (1
972 1611 1092 1674 Reg.
1115 1611 1181 1658 iii.
1199 1611 1251 1673 9)
1271 1611 1439 1659 Dabis
1458 1627 1601 1659 servo

203 1693 288 1736 tuo
308 1701 396 1735 eor
415 1685 596 1744 docile,
621 1691 677 1733 ut
686 1684 931 1750 populum
951 1691 1084 1733 tuum
1091 1686 1336 1749 judicare
1349 1686 1533 1751 possit,
1554 1692 1604 1733 et

204 1762 501 1811 discernere
525 1761 658 1809 inter
685 1760 856 1808 bonum
881 1767 932 1808 et
956 1761 1151 1810 malum.
1222 1763 1471 1812 Quoniam
1490 1778 1607 1825 ergo

205 1855 381 1903 regum
405 1845 480 1886 est
504 1837 783 1885 discernere
802 1837 933 1885 inter
954 1837 1128 1886 bonum
1146 1846 1196 1887 et
1212 1838 1407 1898 malum,
1426 1839 1609 1901 iniquae

207 1923 326 1964 sunt
359 1915 472 1973 illae,
509 1930 809 1978 quamquam
850 1913 1165 1977 quotidianae,
1197 1931 1371 1964 voces:
1418 1914 1609 1978 Regem

208 2007 335 2050 esse,
356 1990 443 2056 qui
467 1996 607 2038 reete
607 1989 759 2054 facit
777 2008 795 2044 ;
826 1996 875 2037 et
892 1989 1103 2054 regibus
1121 2007 1216 2038 non
1236 2007 1346 2038 esse
1363 1990 1611 2054 obtempe-

209 2067 442 2126 randum,
478 2065 579 2113 nisi
602 2066 752 2127 justa
778 2065 1162 2130 proeceperint;
1201 2073 1250 2114 et
1274 2066 1381 2114 51155
1414 2066 1611 2113 similes.

211 2143 342 2191 Ante
367 2142 590 2206 imperia,
604 2142 799 2204 justum
820 2148 869 2189 et
894 2142 1127 2205 injustum
1151 2159 1251 2191 non
1270 2143 1530 2197 exstitere3
1557 2150 1614 2189 ut

213 2235 423 2283 quorum
443 2226 621 2266 natura
640 2216 703 2264 ad
720 2217 1008 2265 mandatum
1033 2218 1095 2266 sit
1116 2219 1348 2267 relativa:
1386 2219 1614 2281 actioque

142 2310 144 2314 ’
215 2295 376 2344 01111115
411 2310 499 2342 5115
533 2300 710 2340 natura
745 2293 1014 2357 adiaphora
1049 2302 1153 2350 est;
1202 2294 1335 2358 quod
1353 2295 1502 2357 justa
1537 2294 1615 2342 vel

204 2371 407 2435 ’injusta
424 2369 502 2428 sit,
519 2385 549 2416 5
558 2370 669 2432 jure
688 2368 973 2432 imperantis
992 2371 1233 2433 provenit.
1289 2371 1450 2434 Reges
1464 2370 1616 2434 igitur

216 2446 427 2511 legitimi
464 2461 572 2509 quae
610 2445 872 2508 imperant,
906 2446 1041 2508 justa
1071 2445 1259 2494 faciunt
1298 2446 1614 2510 imperando;

218 2539 328 2587 quae
343 2529 530 2580 vetant,
539 2520 754 2568 vetando
771 2520 967 2584 injusta.
1015 2521 1199 2569 Privati
1213 2530 1380 2570 autem
1394 2522 1618 2570 homines

219 2599 337 2648 dum
360 2597 695 2661 cognitionem
725 2595 838 2643 bom·
867 2604 917 2644 et
941 2596 1062 2644 mali
1102 2597 1166 2646 ad
1200 2614 1251 2645 se
1288 2598 1508 2656 trahunt,
1534 2614 1618 2646 cu-

217 2674 362 2738 piunt
385 2689 490 2722 esse
514 2673 640 2721 sicut
663 2687 832 2735 reges3
870 2672 1003 2734 quod
1021 2673 1154 2721 salva
1177 2673 1377 2721 civitate
1395 2674 1503 2721 fieri
1519 2690 1619 2723 non

218 2757 397 2814 potest.
467 2749 699 2798 Omnium
724 2748 817 2796 Dei
840 2757 1202 2812 praeceptorum
1226 2750 1616 2813 antiquissimum

218 2834 296 2875 est
317 2826 460 2889 (Gen.
485 2825 535 2873 ii.
560 2826 639 2886 17)
663 2843 674 2872 ε
711 2824 791 2871 De
810 2824 950 2889 ligno
970 2825 1192 2873 seientice
1213 2825 1325 2873 boni
1348 2832 1398 2873 et
1415 2826 1538 2874 mali
1559 2844 1620 2875 ne

219 2901 477 2950 comedas:
490 2957 492 2959 ¹
503 2908 554 2949 et
569 2899 908 2963 antiquissima
923 2900 1251 2949 tentationum
1269 2900 1619 2951 diabolicarum
