1994 3276
475 250 572 294 410
1032 256 1273 297 RELIGIO.

222 390 350 425 sacr.
367 392 436 426 111.
475 374 780 433 sententiam,
794 390 989 424 necesse
1009 383 1081 425 est
1099 376 1466 436 controversias,
1484 393 1591 440 (11138
1606 378 1841 439 oriuntur,

230 489 236 498 .
306 444 358 473 ¹⁷·
473 448 844 499 innumerabiles
866 451 985 510 fore,
1002 468 1160 515 neque
1180 451 1588 500 determinabiles:
1623 453 1752 501 unde
1769 453 1842 502 in-

196 535 411 586 Interprqtatio-
473 531 549 572 ter
581 525 812 585 homines,
838 527 920 590 qui
953 533 1128 574 natura
1161 543 1247 574 sua
1282 526 1629 575 dissensionem
1651 543 1844 578 omnem

194 580 457 660 ἒὲἶζὲῗῑῖξζξῖιῗω
471 598 654 648 habent
679 616 767 664 pro
808 602 1116 660 contumelia,
1151 609 1434 650 nasceretur
1468 602 1624 665 primo
1661 603 1841 663 odium,

193 666 415 738 ffvissssssiss‘ffi‘m
473 673 698 739 deinceps
717 677 934 740 jurgium
953 685 1001 725 et
1014 678 1195 725 bellum
1212 696 1222 725 :
1249 684 1394 740 atque
1409 678 1479 725 ita
1496 679 1651 726 omnis
1663 679 1844 742 periret

472 750 675 798 societas
699 758 747 798 et
769 768 880 814 pax.
951 753 1200 800 Habemus
1213 759 1450 815 praeterea
1479 753 1531 800 in
1554 754 1841 817 exemplum,

470 824 522 872 id
544 825 675 888 quod
699 826 787 874 sub
810 826 917 889 lege
930 834 1092 875 vetere
1117 827 1247 875 circa
1263 828 1440 875 librum
1462 828 1581 891 legis
1597 829 1843 878 observari

469 901 623 949 voluit
645 901 792 960 Deus,
806 902 1034 950 nimirum
1050 903 1195 950 scribi
1215 903 1424 966 quidem,
1442 903 1633 965 publice
1655 904 1840 964 haberi,

471 982 520 1024 et
543 992 776 1024 canonem
807 977 1041 1026 doctrinae
1082 978 1258 1026 divinae
1291 993 1394 1026 esse
1419 978 1599 1026 voluit:
1636 979 1721 1027 sed
1742 995 1841 1028 non

469 1051 583 1100 inde
605 1068 635 1100 a
657 1052 870 1115 singulis,
890 1053 975 1100 sed
989 1070 1018 1100 a
1036 1054 1148 1101 solis
1172 1053 1499 1101 sacerdotibus
1519 1053 1708 1102 definiri
1727 1071 1841 1103 con-

468 1127 739 1175 troversias.
764 1128 851 1176 Est
865 1128 1070 1191 denique
1084 1136 1381 1191 praeceptum
1391 1129 1656 1177 Servatoris
1670 1130 1840 1188 nostri,

467 1207 537 1259 ut,
557 1201 597 1248 si
614 1201 730 1264 quid
753 1202 936 1250 oriatur
954 1203 1228 1251 offensionis
1246 1204 1374 1251 inter
1388 1203 1616 1266 singulos,
1637 1204 1842 1253 audiant

467 1276 736 1324 ecclesiam.
784 1278 956 1340 Itaque
972 1278 1191 1326 ecclesiae
1213 1294 1388 1326 munus
1403 1286 1476 1325 est
1490 1280 1840 1328 controversias

469 1349 804 1399 determinare.
873 1352 987 1400 Non
1014 1369 1130 1416 ergo
1161 1354 1474 1416 singulorum,
1507 1353 1592 1401 sed
1621 1354 1841 1402 ecelesioe

467 1432 542 1472 est
567 1425 840 1488 Scripturas
861 1427 1032 1475 Sacras
1050 1428 1372 1490 interpretari.
1443 1429 1512 1476 Ut
1527 1429 1732 1477 sciamus
1754 1445 1840 1478 au-

466 1507 567 1547 tem
606 1501 946 1549 auctoritatem
982 1502 1344 1566 interpretandi
1371 1503 1561 1551 verbum
1597 1505 1710 1562 Dei,
1744 1505 1838 1554 hoc

465 1582 555 1634 est,
579 1592 744 1624 omnes
769 1577 1056 1639 quaestiones
1081 1577 1140 1624 de
1164 1577 1268 1624 Deo
1286 1584 1335 1624 et
1356 1578 1588 1640 religione
1612 1578 1839 1628 determi-

464 1650 629 1708 nandi,
659 1667 758 1698 non
792 1658 1009 1714 spectare
1032 1652 1095 1699 ad
1115 1667 1374 1715 personam
1398 1668 1733 1716 quamcunque
1757 1670 1838 1703 ex-

463 1731 667 1784 ternam,
681 1726 1091 1789 perpendendum‚
1107 1726 1357 1788 imprimis,
1367 1734 1455 1785 est,
1474 1726 1590 1789 quid
1605 1729 1838 1776 momenti

465 1815 522 1847 ea
552 1808 765 1863 potestas
801 1802 979 1849 habeat
1014 1801 1065 1848 in
1103 1801 1275 1848 animis
1313 1801 1490 1848 civium
1524 1801 1837 1866 civilibusque

463 1875 748 1924 actionibus.
817 1876 1014 1924 Nemini
1036 1876 1166 1923 enim
1188 1876 1411 1938 ignotum
1435 1892 1538 1924 esse
1560 1883 1734 1940 potest,
1758 1893 1838 1926 ac—

463 1950 620 1998 tiones
665 1951 915 1999 hominum
958 1951 1252 1999 voluntarias
1298 1952 1582 2000 necessitate
1627 1953 1838 2000 naturali

462 2025 679 2087 ipsorum
711 2027 847 2087 sequi
880 2026 1128 2089 opiniones
1168 2042 1285 2091 quas
1314 2026 1495 2074 habent
1531 2027 1591 2075 de
1623 2028 1752 2076 bono
1789 2034 1838 2076 et

462 2100 605 2158 malo,
624 2101 834 2163 praemiis
858 2107 906 2148 et
928 2101 1084 2163 poenis
1103 2122 1114 2155 ;
1152 2116 1211 2147 ex
1235 2116 1330 2163 quo
1353 2102 1410 2148 fit
1431 2108 1487 2149 ut
1512 2101 1836 2150 obedientiam

462 2174 573 2233 illis,
601 2191 806 2238 quorum
834 2175 1034 2223 arbitrio
1058 2176 1134 2223 vel
1164 2175 1328 2224 felices
1351 2177 1429 2224 vel
1463 2177 1756 2226 miserrimos
1783 2178 1835 2226 in

462 2256 700 2297 aeternum
728 2251 918 2298 futuros
957 2266 1007 2298 se
1045 2250 1264 2309 credunt,
1300 2258 1530 2314 praestare
1564 2253 1833 2301 necessario

459 2325 624 2373 velint.
696 2327 914 2375 Quorum
951 2333 1114 2373 autem
1151 2326 1365 2385 arbitrio,
1391 2343 1498 2390 quae
1533 2327 1766 2376 doctrinae
1783 2335 1834 2375 et

460 2415 568 2462 quae
592 2401 808 2448 actiones
831 2401 1114 2448 necessariae
1131 2408 1244 2449 sunt
1257 2401 1320 2448 ad
1345 2402 1563 2461 salutem,
1587 2403 1832 2462 statuitur,

459 2490 628 2522 eorum
666 2475 865 2523 arbitrio
903 2482 1182 2539 exspectant
1212 2476 1430 2524 homines
1455 2477 1734 2525 felicitatem
1756 2477 1833 2525 vel

458 2550 781 2611 perditionem
804 2557 1062 2606 aeternam3
1099 2551 1156 2598 iis
1190 2551 1340 2614 igitur
1371 2552 1423 2599 in
1447 2553 1666 2600 omnibus
1689 2552 1832 2600 rebus

459 2625 799 2688 obsequentur.
871 2626 1012 2679 Quod
1051 2642 1161 2673 cum
1191 2626 1262 2674 ita
1292 2626 1370 2685 sit,
1394 2627 1831 2675 manifestissimum

459 2706 548 2758 est,
561 2701 702 2759 cives,
719 2701 802 2764 qui
817 2717 867 2749 se
885 2701 1091 2764 obligari
1109 2701 1315 2750 eredunt
1333 2702 1462 2750 circa
1476 2718 1555 2750 eas
1570 2702 1829 2763 doctrinas,

460 2790 567 2836 quae
586 2776 648 2824 ad
663 2776 866 2824 salutem
879 2777 1162 2824 necessariae
1178 2785 1306 2836 sunt,
1322 2777 1601 2825 auctoritati
1616 2785 1829 2827 externae

458 2851 776 2912 acquiescere,
800 2868 898 2900 non
937 2851 1229 2900 constituere
1259 2853 1500 2901 civitatem
1537 2868 1623 2914 per
1653 2869 1717 2912 se,
1744 2853 1829 2901 sed
