2020 3262
0 2417 10 2542 -rwnzm-e-
0 2388 6 2406 ἢ
0 2345 6 2361 ν-

0 2734 7 2787 υν,-
0 2709 3 2722 -
0 2660 7 2704 v·-
8 2607 9 2611 „

612 243 682 276 DE
708 242 1063 286 AFFECTIBUS,
1090 243 1205 276 ETc.
1503 233 1591 285 107

213 354 377 402 omnia
398 354 527 402 mala
544 354 760 402 timenda
775 361 902 402 sunt.
964 354 1202 401 Homines
1222 354 1366 411 enim,
1387 370 1594 417 quorum
1641 378 1767 411 SECT,
1794 379 1844 411 11,

211 429 433 493 potentia
465 429 640 493 exigua
677 436 765 488 est,
805 445 916 476 cum
953 429 1228 492 aspicerent
1260 429 1479 491 ingentia
1514 430 1596 478 illa

213 521 362 568 opera
397 505 575 553 coelum
598 513 647 552 et
669 512 852 552 terram
875 504 1209 567 mundumque
1232 505 1593 567 aspectabilem,

213 580 445 644 illumque
470 580 794 628 subtilissimae
818 579 1190 643 excogitationis
1213 587 1402 627 motum
1438 587 1488 627 et
1522 580 1596 627 in-

212 657 465 705 tellectum
523 656 796 714 animalem,
862 670 1252 719 organorumque
1308 654 1597 718 ingeniosis-

213 731 385 780 simam
423 731 674 790 fabricam,
716 748 815 779 non
849 738 1116 795 potuerunt
1152 729 1403 794 ingenium
1439 745 1595 788 suum,

212 807 326 871 quia
347 807 470 855 nihil
491 807 667 855 horum
691 807 871 855 imitari
894 814 1114 870 possunt,
1143 822 1242 854 non
1268 814 1596 865 contemnere,

212 899 370 947 neque
394 899 510 947 ergo
538 883 1026 947 incomprehensibile
1051 882 1185 942 illud,
1211 899 1241 929 a
1274 898 1370 945 quo
1399 883 1598 930 condita

215 969 330 1009 sunt
348 960 575 1019 maxima,
599 977 699 1008 non
719 960 963 1018 admirari,
989 967 1074 1007 aut
1096 975 1197 1007 non
1220 959 1281 1006 ab
1307 975 1364 1006 eo
1386 959 1598 1022 propitio

213 1037 378 1084 omnia
399 1037 543 1096 bona,
579 1038 640 1084 ab
670 1037 797 1084 irato
825 1037 953 1083 mala
976 1043 1250 1099 expectare.
1320 1035 1483 1098 Atque
1517 1034 1597 1082 hic

212 1118 286 1160 est
309 1113 510 1160 affectus
536 1129 645 1176 quae
667 1121 872 1160 vocatur
893 1113 1049 1176 pietas
1074 1111 1326 1170 naturalis,
1351 1118 1400 1158 et
1424 1119 1498 1159 est
1522 1114 1595 1159 re'-

210 1188 447 1252 ligionum
471 1189 688 1236 omnium
711 1188 1086 1236 fundamentum
1103 1188 1329 1251 primum.

278 1269 324 1311 6.
361 1265 642 1312 Efferuntur
677 1265 873 1328 spiritus
908 1264 1140 1312 animales
1174 1265 1226 1312 in
1256 1265 1595 1328 congressibus

211 1340 473 1404 aliquando
493 1340 672 1404 gaudio
692 1341 920 1404 quodam,
944 1341 1076 1404 quod
1095 1341 1251 1389 oritur
1269 1340 1596 1404 cogitantibus

211 1432 262 1464 se
303 1417 554 1477 ἐυδοκιμεῖνς
606 1434 714 1480 quae
759 1418 908 1465 animi
955 1418 1100 1465 elatio
1139 1417 1365 1480 gloriatio
1403 1417 1596 1473 dicitur,

212 1507 503 1555 causamque
526 1492 674 1540 habet
697 1492 748 1539 in
767 1509 840 1549 eo,
873 1492 1005 1556 quod
1028 1493 1348 1540 sentientibus
1373 1508 1597 1555 compro-

210 1567 318 1615 bari
341 1584 413 1627 ea,
440 1585 549 1631 quae
573 1568 743 1616 dicunt
764 1569 841 1615 vel
864 1568 1066 1627 faciunt,
1103 1568 1300 1632 spiritus
1324 1585 1351 1616 e
1376 1567 1522 1616 corde
1546 1568 1597 1615 in

211 1643 402 1698 vultum
437 1644 709 1692 ascendunt
743 1645 884 1692 bonae
913 1645 1155 1707 opinionis
1192 1645 1252 1692 de
1290 1645 1449 1708 seipso
1482 1660 1597 1691 con-

212 1726 367 1783 ceptae
385 1720 537 1768 testis.

282 1795 412 1842 Huic
428 1795 673 1843 contraria
690 1795 851 1858 passio
870 1803 943 1843 est
958 1796 1131 1858 pudor,
1156 1797 1206 1843 in
1226 1813 1321 1859 quo
1341 1797 1596 1845 efferentes

214 1887 266 1919 se
297 1871 495 1934 spiritus
527 1871 687 1919 subito
721 1878 921 1934 propter
953 1872 1300 1920 conscientiam
1334 1873 1412 1920 vel
1443 1873 1598 1936 suspi-

213 1948 404 1996 cionem
429 1947 633 2010 alicujus
657 1946 821 1994 amissi
843 1947 1063 1995 indecori
1086 1948 1454 2008 conturbantur,
1487 1965 1598 1997 san-

211 2024 506 2089 guinemque
549 2031 732 2086 cogunt
772 2023 823 2071 in
864 2024 1109 2072 musculos
1149 2025 1306 2083 faciei,
1356 2025 1488 2088 quod
1524 2033 1598 2073 est

214 2100 515 2148 erubescere.
585 2100 748 2147 Pudor
773 2116 889 2163 ergo
913 2100 1137 2148 molestia
1160 2109 1234 2148 est
1259 2117 1366 2164 quae
1397 2101 1456 2149 iis
1481 2118 1596 2150 con-

212 2176 375 2240 tingit,
400 2176 484 2239 qui
506 2184 674 2224 amant
690 2176 875 2235 laudes,
899 2183 1016 2225 tunc
1041 2193 1154 2225 cum
1178 2177 1466 2241 deprehensi
1485 2185 1598 2226 sunt

211 2251 448 2300 facientes
471 2252 548 2300 vel
573 2251 788 2299 dicentes
823 2251 875 2299 id
911 2251 1042 2315 quod
1075 2252 1210 2301 factu
1243 2254 1321 2301 vel
1355 2253 1491 2302 dictu
1524 2261 1598 2302 est

213 2328 514 2377 indecorum.
583 2329 880 2376 Erubescere
899 2344 1016 2393 ergo
1042 2329 1234 2393 signum
1257 2339 1332 2379 est
1355 2331 1597 2394 cupientis

214 2405 380 2453 omnia
402 2405 563 2453 dicere
587 2412 636 2452 et
659 2421 804 2468 agere
823 2404 1081 2461 decenter3
1119 2413 1170 2453 et
1187 2406 1391 2469 proinde
1410 2407 1462 2454 in
1479 2407 1598 2456 ado-

212 2481 506 2530 lescentibus
540 2480 798 2537 laudabile,
832 2481 884 2528 in
917 2480 1022 2528 aliis
1059 2497 1159 2529 non
1196 2482 1329 2530 item.
1400 2482 1529 2531 Nam
1569 2500 1599 2532 a

213 2557 330 2606 viris
359 2557 563 2605 maturis
596 2573 696 2604 non
725 2564 919 2604 tantum
948 2564 1006 2604 ut
1029 2557 1207 2606 decoro
1233 2559 1475 2618 studeant,
1512 2559 1599 2607 sed

214 2634 363 2682 etiam
385 2640 442 2682 ut
465 2633 639 2692 sciant,
664 2633 952 2696 postulatur.

1715 431 1763 460 12.

1654 1272 1795 1300 Gloriatio

1652 1319 1681 1343 et
1692 1316 1793 1353 pudor.

281 2711 328 2764 7.
364 2709 607 2757 Praeterea
632 2709 902 2756 efferuntur
930 2708 1129 2772 spiritus
1158 2709 1390 2757 animales
1417 2710 1597 2774 gaudio
1615 2727 1705 2757 Risus
1719 2727 1853 2756 anetus.

216 2785 469 2834 subitaneo
507 2801 567 2833 ex
604 2784 752 2843 dicto,
786 2784 933 2843 facto,
968 2784 1046 2832 vel
1077 2785 1291 2848 cogitato
1322 2785 1483 2850 aliquo
1509 2804 1596 2836 suo

216 2860 411 2921 decoro,
467 2861 545 2910 vel
580 2860 811 2909 indecoro
853 2860 1043 2918 alieno;
1080 2877 1187 2924 quae
1225 2870 1299 2910 est
1334 2863 1495 2926 passio
1533 2864 1598 2912 ri·-
