2020 3262
760 616 1187 675 PRAEFATIO

586 818 724 882 AD
787 814 1326 882 LECTORES.

839 1024 1093 1032 n———d—

102 1171 145 1234 fs
208 1176 448 1233 ,uvares
471 1183 712 1226 attentam
745 1176 1010 1225 lectionem
1031 1175 1285 1240 promissae
1304 1157 1494 1223 efficere
1513 1173 1729 1222 maxime

204 1291 350 1343 posse
369 1276 616 1343 videntur,
639 1276 712 1324 rei
735 1276 1008 1325 tractandae
1033 1276 1247 1340 dignitas
1265 1283 1316 1324 et
1346 1275 1548 1334 utilitas,
1574 1281 1728 1323 tract-

207 1376 325 1434 andi
359 1384 499 1426 recta
531 1377 810 1437 methodus,
835 1394 982 1426 causa
1004 1385 1054 1426 et
1093 1377 1351 1426 consilium
1381 1377 1434 1424 in
1468 1375 1726 1424 scribendo

205 1478 432 1544 probum,
479 1478 734 1527 scribentis
758 1477 987 1542 ,denique
1027 1477 1316 1535 moderatio,
1357 1492 1454 1535 eas,
1500 1476 1731 1533 lectoreS,

207 1564 361 1627 vobis*
386 1576 640 1641 promitto,
681 1583 828 1639 atque
863 1575 1016 1624 oculis
1052 1575 1359 1639 aliquatenus
1383 1590 1444 1622 ex
1488 1573 1585 1622 hoc
1619 1573 1733 1621 loco>

115 1668 127 1737 J'
209 1676 578 1743 prospiciendas
601 1677 823 1725 exhibeo.
892 1675 1251 1725 Describuntur
1274 1675 1368 1724 hoc
1386 1674 1550 1723 libello
1572 1673 1732 1722 homi-

95 1759 134 1806 *
210 1793 332 1827 num
353 1777 528 1837 officia,
550 1778 710 1842 primo
733 1786 791 1826 ut
821 1777 1093 1837 hominum,
1118 1776 1295 1826 deinde
1316 1783 1374 1825 ut
1397 1776 1594 1835 civium,
1617 1791 1734 1839 pos-

104 1857 108 1869 !
213 1887 374 1928 tremo
413 1885 472 1927 ut
517 1878 922 1927 Christianorum.
994 1878 1184 1928 Quibus
1231 1878 1402 1926 officiis
1454 1893 1568 1925 cum
1607 1876 1735 1940 juris

111 2016 118 2030 -,
211 1978 452 2028 naturalis
469 1978 787 2042 gentiumque
810 1953 1065 2036 elementa,
1091 1976 1395 2040 justitiaeque
1413 1975 1552 2039 origo
1577 1981 1628 2023 et
1643 1974 1733 2034 viS,

213 2085 324 2127 tum
359 2077 510 2149 etiam
547 2076 798 2141 religionis
829 2075 1139 2135 Christianae,
1165 2081 1404 2139 quantum
1438 2074 1626 2138 patitur
1658 2073 1735 2122 in-

85 2211 90 2214 ·
114 2163 124 2223 ¹f
212 2178 375 2229 stituti
395 2177 586 2238 modus,
611 2177 822 2226 essentia
850 2177 1145 2226 continetur.

222 2331 226 2335 ,
282 2277 433 2329 Quod
456 2277 655 2342 quidem
679 2277 918 2326 doctrinae
952 2293 1123 2342 genus,
1149 2284 1355 2341 excepto
1391 2276 1525 2340 quod
1547 2282 1738 2340 spectat

214 2377 281 2428 ad
301 2377 590 2442 religionem
609 2377 956 2437 Christianam,
982 2377 1257 2442 sapientum
1287 2377 1614 2441 antiquissimi
1636 2393 1738 2425 non

194 2473 311 2530 'nisi
341 2479 636 2528 carminibus
660 2479 962 2539 decoratum,
985 2479 1064 2528 vel
1099 2478 1345 2543 allegoriis
1376 2478 1737 2539 adumbratum,

80 2587 82 2590 ’
132 2556 172 2646 3
218 2580 358 2644 quasi
402 2579 595 2645 imperii
634 2580 924 2645 mysterium
970 2579 1218 2645 quoddam
1263 2579 1650 2644 pulcherrimum
1691 2587 1742 2628 et

218 2690 599 2742 sacrosanctum,
623 2699 686 2731 ne
708 2659 1015 2747 privatorum
1038 2682 1294 2731 hominum
1326 2680 1741 2746 disputationibus

203 2783 651 2845 contaminaretur,
708 2783 918 2848 posteris
975 2782 1270 2832 tradendum
1327 2798 1432 2831 esse
1489 2798 1739 2831 censuere.

220 2880 501 2948 Philosophi
533 2883 724 2933 interea
757 2884 856 2944 alii,
881 2901 993 2934 cum
1022 2883 1216 2948 generis
1238 2883 1441 2932 humani
1455 2883 1742 2944 *commod0,
