1994 3256
523 265 594 299 DE
621 264 792 298 LINEA
818 262 1064 308 VISUALI,
1091 263 1209 297 ETc.
1528 255 1558 296 9

167 377 240 426 vis
262 377 470 441 agentis,
495 393 685 440 semper
714 383 881 424 tamen
913 376 1021 423 fieri
1053 375 1117 423 ad
1153 375 1560 438 perpendiculum

166 453 430 502 resistenti.
499 454 671 516 Itaque
705 452 951 500 videbitur
984 453 1007 500 I
1031 452 1083 500 in
1118 459 1255 499 recta
1277 452 1324 499 N
1340 452 1396 510 E,
1422 453 1560 514 cujus

166 546 322 578 unum
343 535 582 594 punctum
613 528 654 576 E
689 536 764 576 est
795 536 1020 576 centrum
1048 528 1235 586 retinae,
1267 527 1478 575 alterum
1513 527 1560 574 N

169 615 246 655 est
267 612 506 671 punctum
528 604 580 652 in
599 604 760 652 retina
783 604 847 652 ad
871 604 1002 668 quod
1021 603 1271 652 derivatur
1290 602 1559 650 irradiatio.

171 682 337 733 Quare
360 681 460 730 sive
483 680 613 728 actio
638 681 819 744 objecti
841 681 932 729 visi
955 681 1043 728 fiat
1072 679 1561 743 perpendiculariter,

170 758 272 807 sive
295 757 504 820 oblique,
529 756 624 804 erit
646 757 777 804 linea
802 757 997 805 visualis
1022 773 1080 804 ea
1097 763 1233 804 recta
1251 756 1391 819 cujus
1408 770 1563 802 unum

169 840 409 898 punctum
433 840 507 881 est
529 840 753 881 centrum
777 832 966 892 retinae,
994 833 1205 880 alterum
1228 839 1303 880 est
1325 838 1564 895 punctum

169 909 223 958 in
266 909 374 973 ipsa
422 909 585 957 retina
628 909 933 958 irradiatum.
1020 909 1167 959 Quod
1212 916 1318 956 erat
1364 907 1565 955 demon-

169 983 442 1033 strandum.

238 1059 574 1109 Corollarium.
622 1060 940 1109 Manifestum
956 1061 1072 1109 hinc
1093 1068 1167 1109 est
1184 1061 1337 1109 lineas
1356 1059 1566 1109 visuales

169 1151 223 1185 se
246 1143 419 1184 mutuo
438 1151 603 1184 secare
628 1153 798 1185 omnes
822 1137 873 1184 in
897 1144 1069 1185 centro
1094 1137 1282 1185 retinae.

169 1249 173 1251 -
239 1212 332 1261 His
370 1211 580 1276 cognitis
618 1213 861 1261 rationem
901 1213 1161 1261 reddemus
1202 1214 1567 1277 phaenomenebn

171 1289 272 1338 sive
296 1283 757 1352 experimentorum,
794 1305 902 1351 quae
929 1289 1151 1352 plerique
1176 1290 1497 1337 observarunt
1521 1294 1571 1336 et

174 1364 379 1430 quilibet
402 1365 660 1413 observare
677 1373 857 1428 potest,
879 1364 1103 1413 duorum.
1176 1366 1397 1414 Quorum
1416 1380 1570 1412 unum

174 1447 263 1500 est,
310 1440 507 1504 quando
555 1440 730 1504 aliquis
777 1441 1027 1505 objectum
1068 1442 1288 1490 intuetur
1334 1442 1570 1489 ambobus

175 1516 345 1576 oculis,
371 1516 526 1565 altero
549 1516 842 1564 naturaliter
866 1533 918 1564 se
944 1517 1173 1576 habente,
1198 1517 1353 1565 altero
1378 1517 1449 1564 ita
1472 1516 1570 1564 dis-

175 1598 309 1641 torto
332 1600 389 1641 ut
411 1593 515 1641 axis
539 1593 730 1657 opticus
761 1609 860 1641 non
894 1593 1080 1641 incidat
1108 1593 1160 1641 in
1196 1594 1460 1656 objectum,
1485 1609 1570 1656 ap-

175 1669 371 1734 parebit
401 1669 647 1733 objectum
684 1669 736 1717 in
772 1669 964 1717 duobus
995 1669 1146 1718 locis:
1183 1670 1392 1717 alterum
1418 1679 1506 1727 est,
1532 1669 1572 1716 si

180 1745 288 1809 quis
313 1746 564 1808 objectum
587 1745 786 1808 aliquod
814 1746 1052 1793 ambobus
1086 1746 1239 1794 oculis
1274 1754 1463 1793 attente
1498 1745 1573 1792 in-

178 1827 390 1879 tueatur,
415 1820 550 1868 aliud
574 1821 823 1884 objectum
846 1821 1099 1884 quodlibet
1124 1821 1224 1870 sive
1247 1822 1448 1885 propius
1473 1821 1574 1869 sive

179 1897 416 1946 remotius
443 1896 610 1958 (modo
633 1896 879 1960 videatur)
908 1897 1097 1946 duobus
1120 1898 1240 1946 locis
1263 1897 1533 1961 apparebit.

249 1971 398 2022 Quod
434 1971 499 2020 ad
527 1972 885 2036 phaenomenon
916 1973 1051 2036 prius
1076 1974 1267 2032 attinet,
1293 1973 1356 2021 sit
1374 1972 1575 2021 alterius

182 2049 313 2098 oculi
341 2048 413 2110 (in
439 2049 520 2112 fig.
546 2050 598 2111 2)
627 2055 852 2096 centrum
886 2049 1059 2098 retinae
1083 2050 1143 2109 A,
1168 2049 1367 2098 alterius
1392 2050 1448 2097 B.
1518 2050 1576 2097 In

181 2141 273 2174 axe
296 2132 464 2173 autem
487 2125 653 2189 optico
677 2125 720 2172 A
737 2125 776 2173 C
799 2125 958 2185 unius,
984 2126 1048 2174 sit
1076 2135 1317 2189 punctum
1338 2126 1497 2174 visum
1521 2126 1574 2173 C.

184 2201 355 2264 Itaque
380 2201 539 2258 oculo,
559 2202 697 2265 cujus
716 2202 886 2249 retinae
910 2208 1134 2249 centrum
1153 2210 1226 2250 est
1243 2203 1302 2261 A,
1323 2202 1578 2266 apparebit

183 2285 423 2341 punctum
461 2277 501 2325 C
539 2278 590 2324 in
629 2294 719 2325 axe
756 2278 945 2326 DAC:
996 2286 1231 2342 appareat
1268 2295 1385 2342 ergo
1423 2279 1474 2326 in
1517 2278 1575 2326 C.

186 2353 371 2402 Radius
396 2361 563 2401 autem
590 2371 618 2402 a
645 2361 830 2417 puncto
859 2354 898 2402 C
922 2354 1106 2402 incidat
1137 2355 1187 2402 in
1225 2355 1433 2402 alterum
1463 2371 1578 2402 ocu-

184 2430 288 2478 lum
311 2429 508 2493 oblique
532 2429 583 2477 in
617 2438 802 2493 puncto
841 2430 906 2488 H,
942 2430 1013 2478 ita
1047 2437 1105 2478 ut
1141 2446 1229 2494 per
1259 2430 1579 2479 refractiones

187 2505 378 2554 debitas
418 2506 673 2569 perveniat
714 2505 777 2553 ad
813 2506 1022 2554 retinam
1063 2507 1115 2554 in
1157 2514 1342 2570 puncto
1385 2508 1424 2554 I.
1495 2508 1579 2555 Vi-

189 2581 385 2630 debitur
415 2581 568 2645 igitur
596 2583 657 2630 ab
691 2582 847 2641 oculo,
881 2583 1018 2646 cujus
1055 2591 1280 2631 centrum
1312 2583 1482 2631 retinae
1508 2591 1581 2632 est

191 2658 248 2716 B,
280 2658 460 2706 alicubi
490 2659 542 2706 in
578 2666 714 2707 recta
738 2660 816 2707 IB
841 2659 1096 2723 producta,
1122 2659 1173 2707 id
1196 2667 1284 2719 est,
1310 2660 1361 2707 in
1384 2660 1464 2708 via
1488 2660 1582 2708 dis-

193 2734 394 2782 tortioni
419 2734 547 2782 oculi
572 2735 834 2783 contraria.
872 2735 1001 2783 Nam
1025 2735 1128 2783 sine
1154 2735 1458 2796 distortione,
1479 2737 1583 2784 axis

191 2809 335 2868 oculi,
372 2810 510 2872 cujus
546 2817 768 2858 centrum
805 2810 977 2859 retinae
1008 2818 1082 2858 est
1107 2812 1162 2870 B,
1187 2812 1510 2861 collocaretur
1535 2820 1584 2860 et

192 2885 470 2934 obverteret
493 2901 596 2934 sese
619 2886 907 2934 naturaliter
931 2887 992 2935 ad
1019 2888 1266 2951 objectum
1285 2889 1441 2937 visum
1460 2890 1514 2947 C,
1534 2896 1584 2936 et

1612 397 1742 431 SECT.
1765 397 1816 430 11.

1696 450 1726 480 2.

1601 547 1692 575 Linea
1703 546 1824 575 visualis

1599 600 1734 627 quoenam
1742 591 1788 623 sit,
1798 593 1827 617 et

1600 643 1665 671 quoe
1680 634 1748 661 inde
1761 642 1828 662 con-

1600 681 1763 715 sequuntur
1773 685 1828 705 ocu

1600 720 1636 748 lis
1648 720 1827 757 vulgaribus.
