2020 3262
12 2216 34 2235 τ
93 2235 102 2240 -
163 2203 299 2246 recte
336 2195 664 2245 ratiocinandi
697 2195 982 2244 facultatem
1018 2213 1305 2245 conservare
1337 2204 1558 2256 conetur,

386 262 458 296 DE
487 260 725 296 memus
752 258 990 293 NATURAE
1018 258 1298 297 REQOs.
1441 249 1532 292 193

148 374 341 424 dicibus
363 374 484 423 facti
506 372 735 438 injungit,
759 377 814 420 nt
836 369 921 418 ahi
943 369 1097 434 signa
1122 373 1264 417 certa
1265 368 1416 433 facti
1440 365 1536 418 non
1575 392 1703 424 sEc'r.
1724 390 1793 424 ιη,

148 456 425 516 apparent,
463 449 534 497 ihi
557 448 821 497 secandum
846 452 1016 505 testes,
1045 445 1133 511 qni
1168 445 1370 510 utrique
1385 446 1537 510 parti
1672 443 1702 473 ³·
1775 488 1780 496 ,

151 526 385 575 videntur
407 525 551 590 aeqai,
583 523 878 573 sententiam
914 527 1114 586 regant.

158 634 161 637 -
220 607 302 651 24.
337 602 412 650 Ex
436 617 585 665 supra
597 599 810 649 adducta
827 596 1017 646 arbitri
1035 596 1319 645 definitione
1334 595 1541 658 intelligi
1558 605 1620 656 152³
1632 601 1803 672 naturaeffff

152 693 301 742 porro
323 684 503 741 potest,
527 675 711 724 nullum
726 680 935 740 pactum
959 672 1039 721 vel
1054 673 1359 738 promissum
1384 672 1541 720 inter·
1557 655 1814 738 ἶιᾚοῖῗῖἔξῑπῖ)

152 753 361 812 cedere,
391 753 524 800 inter
566 751 729 816 ipsnm'
766 757 816 798 et
853 755 1054 815 partes,
1095 764 1300 813 quorum
1346 747 1543 796 arbiter
1559 737 1679 772 mmm
1691 732 1763 760 ‘³⁶⁸'

151 828 456 878 constitutus
479 834 572 887 est,
592 828 732 891 cuju-s·
754 826 804 875 vi
829 831 1058 874 teneatur
1075 825 1124 873 in
1147 824 1374 890 gratiam
1390 823 1546 871 alter*

155 905 322 953 utrius
349 904 530 969 partis
561 903 911 969 pronunciare
929 921 948 958 ;
984 918 1141 966 neque
1170 902 1315 964 cnjus
1338 900 1388 950 vi
1412 907 1546 948 tene·-

155 986 274 1029 atur
309 980 382 1028 ad
416 980 475 1028 id
490 979 945 1045 pronunciandum,
970 978 1107 1043 qnod
1128 995 1314 1043 aequum
1351 983 1444 1036 'e-s‘t,
1469 976 1549 1024 vel

157 1073 343 1121 oeqnnm
385 1073 494 1104 esse
531 1062 747 1104 censeat.
818 1055 1076 1118 Obligatur
1122 1054 1323 1118 quidem
1363 1053 1548 1102 arbiter

155 1132 450 1181 sententiam
486 1132 621 1180 illam
656 1131 784 1179 ferre
809 1147 954 1195 quam
993 1138 1159 1179 censet
1198 1146 1304 1178 esse
1337 1145 1549 1193 aequam,

156 1223 247 1272 per
290 1207 451 1272 legem
491 1214 681 1255 naturae
723 1223 831 1270 quae
876 1214 1161 1254 recensetur
1213 1206 1418 1254 articulo
1470 1211 1545 1253 15.

157 1284 314 1348 Cujus
335 1283 458 1347 legis
471 1282 762 1347 obligationi
784 1282 907 1330 nihil
925 1289 998 1330 est
1014 1282 1150 1345 quod
1172 1282 1287 1330 addi
1310 1282 1466 1346 possit
1488 1298 1548 1329 ex

156 1366 319 1424 pacto..
355 1359 556 1407 Frustra
569 1348 730 1423 ¹igitur
753 1367 879 1407 esset
901 1366 1100 1422 pactum
1123 1359 1237 1407 tale.
1288 1359 1547 1418 Praeterea,

154 1437 202 1485 si
241 1436 536 1485 sententiam
575 1436 795 1499 iniquam
833 1435 1012 1494 ferens,
1053 1451 1244 1499 aequam
1289 1451 1395 1482 eam
1444 1450 1549 1482 esse

157 1512 492 1572 contenderet,
517 1512 611 1560 nisi
633 1519 833 1575 pactum
855 1512 955 1559 tale
979 1511 1247 1559 invalidum
1271 1511 1350 1571 sit,
1382 1526 1549 1558 mane-

155 1595 236 1637 ret
276 1589 608 1638 controversia
641 1595 753 1652 post
786 1588 1080 1636 sententiam
1120 1587 1285 1646 latam,
1311 1587 1443 1650 quod
1477 1593 1552 1634 est

155 1672 335 1714 contra
357 1665 529 1713 arbitri
553 1664 972 1723 constitutionem,
999 1663 1082 1727 qui
1105 1663 1167 1712 ab
1185 1664 1256 1711 eis
1275 1663 1344 1711 ita
1367 1663 1551 1710 electus

157 1747 249 1800 est,
289 1747 347 1789 ut
385 1741 596 1789 invicem
641 1740 964 1803 obligaverint
1011 1756 1062 1788 se
1098 1757 1188 1804 pro
1226 1747 1335 1788 rata
1372 1739 1553 1787 habere

160 1817 470 1876 sententiam,
508 1833 656 1880 quam
686 1815 767 1863 ille
803 1816 1214 1879 pronunciaverit.
1282 1815 1556 1864 Arbitrium

160 1908 282 1957 ergo
317 1893 399 1940 lex
436 1899 624 1940 naturae
660 1892 869 1939 liberum
898 1893 1041 1956 jubet
1071 1909 1206 1948 esse3
1243 1892 1295 1940 id
1333 1892 1464 1955 quod
1494 1891 1557 1940 sit

160 1976 464 2033 praeceptum
487 1970 591 2033 ejus
615 1968 858 2016 decimum
880 1985 1082 2017 nonum.

230 2051 312 2094 25.
349 2045 500 2093 Porro
517 2044 912 2108 quandoquidem
926 2045 1058 2109 leges
1077 2052 1267 2093 naturae
1284 2045 1407 2093 nihil
1424 2043 1559 2092 aliud
1576 2050 1844 2131 {aigsffiutmm

162 2128 293 2180 sunt,
324 2128 503 2184 praeter
526 2121 713 2168 dictata
735 2127 883 2168 rectae
906 2121 1125 2180 rationis,
1160 2122 1231 2169 ita
1253 2128 1309 2169 ut
1332 2121 1425 2169 nisi
1450 2122 1557 2184 quis
1575 2136 1816 2176 emmam„

1575 2190 1642 2219 quae
1656 2180 1778 2208 rationis

1576 2234 1664 2253 usum
1673 2223 1845 2261 impediunt.

164 2273 299 2338 leges
320 2281 514 2321 naturae
538 2273 797 2320 observare
815 2288 915 2320 non
936 2280 1101 2336 potest
1119 2294 1130 2328 ;
1155 2273 1469 2321 manifestum
1488 2279 1562 2321 est

164 2365 295 2408 eum,
320 2348 404 2412 qui
427 2348 597 2396 volens
634 2347 888 2411 sciensque
921 2365 979 2396 ea
995 2348 1180 2408 fecerit,
1202 2350 1377 2413 quibus
1408 2349 1562 2397 facul-

164 2433 242 2475 tas
269 2425 522 2474 rationalis
548 2424 828 2472 destruatur
851 2424 929 2472 vel
951 2425 1288 2485 labefactetur,
1316 2425 1563 2473 volentem

157 2501 500 2565 scientemque
524 2500 683 2564 legem
707 2508 897 2549 naturae
914 2501 1112 2550 violare.
1184 2502 1321 2550 Nihil
1339 2502 1470 2549 enim
1487 2501 1563 2549 in-

166 2583 335 2636 terest,
355 2583 523 2624 utrum
539 2583 721 2639 praeter
739 2575 952 2624 officium
965 2577 1114 2625 faciat
1130 2578 1252 2642 quis,
1269 2594 1332 2625 an
1346 2577 1398 2625 id
1415 2576 1564 2626 faciat

167 2653 357 2712 volens,
390 2668 488 2717 quo
511 2652 673 2700 minus
697 2652 909 2700 officium
931 2652 1132 2716 implere
1154 2654 1324 2718 possit.
1394 2653 1564 2702 Ratio-

167 2729 370 2778 cinandi
394 2735 560 2777 autem
581 2728 868 2776 facultatem
891 2729 1151 2778 destruunt
1171 2730 1248 2778 vel
1266 2729 1566 2778 labefactant

170 2805 397 2855 homines
428 2805 513 2869 qui
543 2804 731 2853 faciunt
760 2821 833 2864 ea,
870 2806 1044 2869 quibus
1072 2822 1209 2854 mens
1238 2806 1298 2854 de
1326 2812 1456 2854 statu
1478 2810 1565 2853 suo

171 2881 385 2931 naturali
425 2877 730 2941 deturbatur,
767 2881 820 2930 id
857 2881 989 2944 quod
1029 2882 1420 2932 manifestissime
1451 2898 1567 2931 con-

305 2971 430 3005 von.
456 2972 518 3005 11.
1399 2973 1431 3006 o
1582 2953 1602 2970 ⁴
