1994 3276
400 244 472 278 DE
500 245 689 279 REGNO
716 244 812 278 DEI
839 244 945 278 PER
971 243 1195 279 PACTUM
1222 245 1442 280 NOVUM.
1519 235 1610 279 401

226 364 389 407 tueret
432 375 521 423 per
565 358 786 407 civitates
824 356 1175 423 presbyteros,
1252 359 1316 406 Et
1359 358 1616 406 Timotheo
1657 379 1786 411 sssc‘r.
1806 378 1874 411 111.

226 432 413 482 dictum
465 442 540 483 est
595 436 642 498 (l
700 435 825 483 Tim.
872 432 935 480 iv.
986 433 1065 494 14)
1097 452 1108 480 ε
1169 433 1293 480 Noli
1351 434 1619 498 negligere
1737 431 1786 460 ¹⁷·
1854 476 1859 485 ‚

221 510 452 574 gratiam
490 510 607 569 Dei,
639 528 747 576 qaoe
789 510 838 558 in
879 515 929 557 te
969 515 1062 567 est,
1103 525 1214 573 qnoe
1254 509 1379 556 data
1414 517 1490 556 est
1525 509 1619 557 tibi

220 601 320 650 per
343 587 687 651 prophetiam,
724 603 830 635 cnm
868 584 1182 650 impositione
1216 601 1440 632 mannum
1465 601 1618 649 pres-

227 660 414 725 hyterii
427 681 445 710 .·
482 662 736 726 eidemque
778 661 905 710 datae
943 660 1127 724 regulae
1163 666 1277 708 sunt
1307 659 1438 707 circa
1465 677 1616 724 pres-

226 735 511 800 byterorum
551 738 856 786 electionem.
933 737 1047 784 Non
1097 744 1264 784 autem
1312 735 1521 799 intelligi
1567 737 1618 783 id

223 819 401 876 potest,
425 813 521 862 nisi
555 814 616 862 de
650 813 958 863 ordinatione
994 828 1179 871 eorum,
1206 811 1291 876 qui
1327 812 1388 858 ab
1414 811 1619 859 ecclesia

225 888 537 953 eligerentur.
576 890 890 939 Constituere
906 889 1034 937 enim
1055 889 1307 936 doctorem
1324 887 1375 935 in
1396 887 1617 945 ecclesia,

224 964 319 1012 nisi
342 965 546 1014 ecclesia
568 967 900 1030 permittente,
924 981 1068 1012 nemo
1091 963 1270 1028 potuit.
1342 963 1471 1010 Nam
1492 963 1620 1026 ipso-

224 1055 333 1089 rum
371 1041 711 1106 apostoloram
745 1057 922 1089 munus
957 1047 1077 1099 erat,
1113 1056 1215 1087 non
1250 1039 1508 1102 imperare,
1534 1039 1621 1087 sed

225 1114 432 1164 docere:
470 1124 520 1164 et
555 1132 849 1180 quamquam
884 1115 969 1178 qui
1005 1114 1337 1163 commendati
1371 1115 1432 1162 ab
1470 1132 1618 1180 apos-

225 1192 344 1240 tolis
366 1193 460 1242 -vel
491 1193 816 1259 presbyteris
861 1193 1074 1252 fuerant,
1121 1200 1325 1257 propter
1370 1193 1620 1241 existima-

223 1268 408 1317 tionem
465 1269 914 1319 commendantium
970 1285 1070 1317 non
1124 1269 1459 1333 rejicerentur,
1507 1286 1620 1317 cum

223 1351 389 1393 tamen
422 1345 526 1394 sine
561 1345 817 1394 voluntate
854 1345 1083 1394 ecelesice
1121 1345 1236 1408 eligi
1269 1361 1369 1392 non
1403 1352 1618 1408 possent,

224 1420 372 1469 etiam
388 1437 477 1485 per
495 1423 848 1470 anctoritatem
867 1421 1094 1469 ecelesioe
1114 1421 1257 1469 electi
1275 1422 1618 1469 censebantur.

225 1496 460 1546 Similiter
482 1498 709 1557 ministri,
734 1498 819 1561 qui
839 1497 1041 1545 diaconi
1057 1503 1311 1556 vocantur,
1332 1497 1392 1544 ab
1418 1503 1621 1562 aposto-
1655 1524 1664 1534 ·

223 1572 290 1621 lis
307 1574 548 1634 ordinati,
573 1575 634 1622 ab
659 1573 876 1621 ecelesia
899 1580 1065 1621 tamen
1090 1573 1241 1621 electi
1265 1580 1419 1620 erant.
1489 1573 1620 1620 Nam

222 1665 337 1698 cum
370 1657 558 1714 septem
593 1649 794 1698 diaconi
829 1649 1042 1713 eligendi
1078 1649 1434 1712 ordinandique
1458 1656 1617 1707 erant,

222 1741 323 1773 non
347 1741 430 1774 eos
454 1726 701 1790 eligebant
735 1725 971 1790 apostoli,
997 1725 1083 1773 sed
1115 1725 1247 1787 (Act.
1268 1725 1332 1773 vi.
1359 1726 1431 1788 3),
1458 1724 1618 1773 eonsi-

223 1801 419 1861 derate,
443 1802 686 1866 inquiunt,
693 1801 923 1866 fratres,
939 1801 1075 1849 viros
1095 1818 1156 1849 ex
1179 1800 1318 1848 vobis
1339 1800 1452 1848 boni
1476 1800 1618 1848 testi-

222 1877 373 1925 monii
406 1885 610 1943 septem,
652 1886 759 1925 etc:
796 1883 943 1940 atque
983 1877 1054 1924 illi
1097 1876 1244 1938 (vers.
1268 1878 1318 1938 5)
1363 1876 1619 1942 eligerant

223 1951 544 2018 Stephanum,
574 1961 667 2002 etc.
703 1959 753 2000 et
798 1952 941 2015 (vers.
973 1954 1024 2013 6)
1061 1959 1348 2000 statuerunt
1383 1969 1468 2000 eos
1501 1959 1619 2000 ante

222 2035 536 2094 conspectam
559 2028 913 2094 apostolorum.
985 2027 1190 2076 Constat
1225 2028 1392 2091 itaque
1417 2044 1477 2075 ex
1501 2030 1618 2076 cen-

222 2105 480 2154 suetudine
515 2105 741 2153 eeclesiae
773 2105 862 2152 sub
886 2103 1151 2168 apostolis,
1177 2103 1620 2152 ecclesiasticorum

221 2181 440 2230 omnium
454 2180 818 2229 ordinationem
833 2179 1045 2243 quidem,
1061 2179 1161 2227 sive
1177 2180 1618 2239 consecrationem,

223 2273 333 2320 quae
355 2258 414 2305 fit
434 2273 523 2322 per
547 2258 820 2304 orationem
839 2263 889 2304 et
906 2272 1129 2303 manuum
1155 2255 1536 2320 impositionem,
1556 2255 1621 2303 ad

222 2332 483 2396 apostolos
506 2339 557 2381 et
580 2332 815 2381 doctores
845 2338 1106 2397 spectasse
1121 2350 1140 2388 ;
1181 2331 1469 2379 electionem
1501 2347 1618 2379 vero

222 2408 623 2469 ordinandorum,
648 2408 712 2457 ad
735 2407 1014 2457 ecelesiam.

290 2491 369 2534 25.
406 2485 480 2533 De
499 2492 744 2550 potestate
761 2484 986 2533 solvendi
1004 2491 1054 2532 et
1073 2483 1292 2549 ligandi,
1311 2483 1364 2532 id
1387 2491 1478 2543 est,
1494 2500 1619 2548 pec·
1637 2495 1813 2547 Potestatenf
1826 2507 1890 2548 pet-5

223 2567 342 2609 cata
389 2560 679 2609 remittendi
719 2568 769 2609 et
813 2560 1082 2620 retinendi,
1122 2559 1324 2608 dubium
1370 2576 1473 2608 esse
1519 2576 1620 2609 non
1636 2543 1894 2618 {issrflffiffiffi

221 2643 398 2700 potest,
423 2637 540 2700 quin
566 2654 624 2685 ea
647 2636 763 2685 data
786 2637 849 2685 sit
873 2653 903 2685 a
935 2636 1130 2685 Christo
1154 2636 1331 2684 futuris
1355 2643 1475 2684 tunc
1494 2652 1619 2700 pas-
1636 2637 1696 2699 {121¹
1718 2628 1886 2706 fefflfflff'

223 2712 433 2773 toribus,
459 2713 632 2762 eodem
668 2712 814 2761 modo
856 2729 952 2777 quo
990 2712 1313 2776 praesentibus
1351 2711 1617 2777 apostolis.
1636 2715 1818 2785 {Pffl‘mssd
1831 2725 1894 2753 ΡΒ»

1649 2767 1726 2786 ores:
1756 2758 1807 2786 sed
1834 2759 1870 2787 de

223 2787 352 2837 Data
368 2796 533 2837 autem
548 2797 622 2838 est
640 2788 890 2854 apostolis
910 2789 1067 2838 omnis
1089 2796 1306 2853 potestas
1330 2789 1619 2839 remittendi
1635 2802 1810 2874 {5333
1824 2812 1872 2874 2¹,ss

214 2870 451 2928 peccata,
477 2882 624 2928 quam
649 2866 750 2929 ipse
785 2865 958 2913 habuit
987 2865 1224 2914 Christus.
1297 2865 1440 2914 Sicut
1481 2867 1619 2915 misit
1635 2888 1765 2918 oesiam.

357 2955 481 2990 VOL.
510 2957 569 2990 11.
1393 2957 1424 2989 D
1448 2956 1481 2989 D
