2020 3262
375 257 447 290 DE
475 257 714 291 LEGIBUS
742 244 978 290 NATURAE
1008 256 1289 294 RELIQUIS.
1434 247 1525 289 185

140 361 431 453 redditione,
466 369 725 428 locatione,
762 367 1104 425 conductione,
1147 366 1448 430 caeterisque,
1488 367 1528 414 si
1568 388 1696 421 SECT,
1715 388 1784 422 111,

141 443 226 508 qui
262 453 392 504 sunt,
429 445 618 494 actibus
654 445 783 492 inter
817 459 868 492 se
902 441 1325 495 contrahentium3
1367 440 1453 487 ubi
1488 439 1529 488 si
1665 440 1696 471 3-

1581 485 1773 509 „qd

140 519 328 584 aequale
350 536 441 584 pro
471 512 647 583 aequali
674 518 923 577 reddatur,
947 517 1083 565 nasci
1117 515 1348 579 inquiunt
1369 515 1528 577 justi-
1546 532 1586 603 oi
1587 533 1662 560 sanc
1663 532 1774 570 110on

142 594 264 643 tiam
288 595 696 643 commutativam.
757 594 901 642 Hanc
928 608 1046 641 vero
1077 592 1209 639 circa
1240 579 1569 653 dignitatem
1547 628 1598 646 ιιιιι
1570 579 1755 646 ιξξῃοιιιωζ,
1756 622 1769 646 t

29 669 32 675 ’
82 714 86 718 .
141 678 192 719 et
210 671 384 719 merita
406 670 675 727 hominum,
699 671 770 718 ita
791 678 849 718 ut
872 669 913 718 si
937 669 1113 732 cuique
1141 668 1390 716 tribuatur
1414 667 1564 733 παρὰ
1549 662 1593 689 ‘³⁵⁵
1566 662 1764 733 Sffigassum

141 768 218 801 την
236 746 371 806 ἀξίαν,
395 747 552 810 majus
576 746 621 794 ei
653 747 736 810 qui
761 746 969 810 dignior,
1006 745 1166 793 minus
1195 744 1240 792 ei
1264 743 1348 807 qui
1371 743 1532 791 minus

142 820 335 886 dignus,
354 821 500 884 idque
517 821 901 885 proportionate,
922 821 1108 869 oriatur
1118 819 1331 883 justitia
1352 818 1533 866 distri-

142 896 327 945 butiva.
368 897 598 961 Agnosco
612 897 693 945 hic
714 897 1084 945 distinctionem
1103 895 1350 959 quandam
1369 911 1532 958 aequa-

140 972 310 1032 litatis,
333 988 510 1037 nempe
533 980 589 1021 ut
612 989 711 1021 una
744 973 808 1021 sit
831 973 1085 1036 aequalitas
1123 971 1426 1035 simpliciter,
1451 986 1534 1019 ve-

141 1048 234 1097 luti
257 1049 452 1113 quando
477 1056 823 1113 comparantur
845 1049 975 1097 inter
999 1065 1050 1097 se
1077 1048 1186 1096 duae
1218 1063 1297 1095 res
1333 1047 1535 1110 aequalis

141 1125 306 1189 pretii,
313 1133 370 1173 ut
383 1125 508 1173 libra
521 1126 713 1189 argenti
733 1142 844 1174 cum
863 1125 1123 1173 duodecim
1140 1125 1298 1173 unciis
1317 1124 1536 1188 ejusdem

143 1201 338 1265 argenti
357 1221 371 1257 ;
422 1201 580 1249 altera
603 1201 855 1264 aequalitas
887 1200 1159 1248 secundum
1184 1200 1318 1264 quid,
1342 1207 1400 1248 ut
1424 1217 1536 1248 cum

145 1283 344 1325 centum
379 1277 655 1325 hominibus
697 1276 1047 1325 distribuendae
1084 1276 1182 1324 sint
1217 1276 1350 1324 mille
1380 1277 1535 1335 librae,

145 1359 390 1402 sexcentae
415 1352 594 1402 dentur
618 1354 872 1417 sexaginta
893 1353 1189 1412 hominibus,
1215 1361 1266 1400 et
1304 1352 1536 1416 quadrin-

143 1434 306 1493 gentae
347 1429 702 1493 quadraginta3
737 1429 823 1477 ubi
854 1446 955 1477 non
989 1436 1063 1477 est
1109 1428 1361 1492 aequalitas
1407 1429 1537 1477 inter

136 1511 244 1571 ‚600
268 1512 317 1554 et
347 1510 475 1560 400;
512 1505 598 1554 sed
621 1522 734 1553 011111
766 1505 973 1553 eandem
1008 1505 1251 1568 contingit
1285 1505 1536 1568 aequalita-

144 1587 247 1630 tem
270 1597 374 1630 esse
397 1581 526 1630 inter
549 1598 807 1630 numerum
827 1598 1012 1640 eorum,
1038 1581 1213 1644 quibus
1238 1581 1538 1629 distribuun-

144 1664 243 1717 tur,
265 1658 601 1722 unusquisque
636 1674 806 1706 eorum
840 1657 1078 1720 aequalem
1111 1664 1303 1720 partem
1326 1657 1535 1714 auferet3

145 1733 277 1782 unde
296 1733 475 1782 dicitur
492 1734 692 1797 aequalis
710 1733 1003 1781 distributio.
1050 1734 1180 1782 Talis
1195 1741 1359 1781 autem
1375 1750 1538 1797 aequa-

110 1814 113 1818 ”
146 1809 258 1858 litas
292 1809 464 1858 eadem
499 1826 578 1858 res
615 1818 691 1858 est
726 1827 837 1858 cum
871 1810 1187 1874 proportione
1220 1811 1536 1874 geometrica.

150 1885 248 1934 Sed
279 1886 399 1950 quid
434 1886 540 1934 haec
581 1886 647 1935 ad
679 1887 959 1950 justitiam?
1029 1887 1159 1934 Nam
1193 1903 1351 1950 neque
1389 1887 1428 1934 si
1461 1902 1539 1934 res

34 2025 36 2027 Ι
148 1969 342 2011 nostras
365 1962 633 2026 vendamus
666 1963 838 2026 quanti
861 1979 1134 2027 possumus,
1160 1963 1340 2027 injuria
1360 1963 1462 2011 ulla
1482 1964 1541 2010 fit

34 2034 39 2038 ’
76 2089 80 2100 -.
150 2038 342 2098 emtori,
362 2038 447 2102 qui
465 2038 517 2086 id
534 2038 704 2098 voluit,
723 2046 773 2087 et
790 2039 932 2102 petiit
949 2060 961 2094 ;
997 2055 1156 2102 neque
1178 2039 1218 2087 si
1235 2038 1296 2087 de
1314 2056 1423 2087 meo
1440 2038 1538 2087 dis-

149 2114 369 2162 tribuero
393 2114 503 2178 plus
520 2114 730 2162 merenti
752 2115 927 2174 minus,
961 2115 1109 2163 modo
1134 2115 1186 2162 id
1205 2114 1385 2163 dedero
1410 2115 1543 2178 quod

149 2198 324 2255 pactus
347 2206 470 2249 sum,
505 2191 669 2238 neutri
698 2191 757 2238 fit
797 2190 990 2254 injuria.
1062 2190 1121 2238 Id
1159 2190 1294 2254 quod
1332 2197 1542 2239 testatur

150 2267 254 2332 ipse
293 2267 524 2316 Servator
559 2274 727 2315 noster
752 2267 974 2315 Christus
1011 2267 1144 2314 Deus
1181 2266 1232 2314 in
1257 2267 1540 2330 Evangelio.

152 2343 267 2392 Non
288 2343 441 2407 igitur
459 2351 531 2391 est
549 2359 608 2390 ea
625 2343 831 2406 justitiae
847 2343 1112 2402 distinctio,
1130 2343 1214 2391 sed
1234 2342 1541 2406 aequalitatis.

151 2419 338 2483 Negari
370 2426 536 2467 tamen
582 2419 710 2467 forte
751 2435 851 2466 non
891 2426 1055 2483 potest
1096 2420 1214 2482 quin
1250 2419 1444 2482 justitia
1479 2418 1542 2466 sit

152 2495 404 2560 aequalitas
438 2495 601 2559 aliqua
622 2516 633 2550 ;
670 2495 902 2543 nimirum
927 2511 1035 2558 quae
1071 2495 1122 2543 in
1147 2512 1205 2543 eo
1229 2502 1423 2543 tantum
1449 2494 1545 2542 sita

153 2571 230 2631 sit,
253 2579 311 2620 ut
334 2562 446 2620 cuin
468 2572 679 2635 aequales
703 2579 880 2620 natura
911 2588 1080 2620 omnes
1105 2573 1272 2630 simus,
1297 2572 1420 2620 alter
1443 2588 1544 2620 non

152 2654 351 2712 arroget
373 2647 466 2696 sibi
488 2648 760 2712 plusjurz's,
777 2665 925 2712 quam
943 2648 1085 2696 alteri
1100 2648 1354 2707 concedat,
1379 2648 1473 2696 nisi
1493 2647 1546 2696 id

142 2723 284 2787 juri-s·
301 2723 393 2772 sibi
414 2724 572 2788 pactis
596 2724 890 2788 acquisitum
910 2723 987 2771 sit.
1057 2724 1222 2787 Atque
1240 2724 1348 2772 haec
1373 2731 1546 2772 contra

155 2798 518 2848 distinctionem
535 2799 668 2847 illam
670 2800 806 2863 justi
810 2800 907 2859 tice,
925 2816 1221 2863 quamquam
1241 2801 1301 2848 ab
1318 2801 1545 2849 omnibus

154 2889 279 2939 pene
314 2883 577 2939 receptam,
604 2875 736 2925 dicta
765 2876 863 2924 sint
885 2895 894 2923 ε
932 2891 995 2924 110
1020 2876 1127 2935 quis
1152 2876 1388 2924 iniuriam
1414 2876 1542 2923 aliud
