1982 3256
478 237 539 279 66
994 253 1063 285 DE
1092 253 1330 286 HOMINE.

222 374 350 407 sacr.
370 376 421 408 11.
478 360 730 420 superficie
775 368 1022 426 utcunque
1065 364 1414 427 refringuntur,
1461 369 1720 425 antequam
1769 377 1849 410 ae-

234 427 423 494 ss
478 434 652 482 cedant
677 436 739 483 ad
768 439 1072 500 superficiem
1107 439 1249 486 oculi.
1320 438 1449 485 Nam
1484 437 1534 484 in
1568 437 1672 499 ipso
1707 437 1848 484 oculo

477 508 599 556 radii
636 527 818 570 omnes,
859 520 1036 574 praeter
1073 529 1213 560 axem
1247 512 1478 576 opticum,
1519 511 1851 573 refringuntur

477 589 567 641 ter,
601 592 658 632 ut
690 602 834 649 supra
865 587 1163 634 declaratum
1188 594 1275 645 est,
1311 603 1486 649 nempe
1509 586 1560 632 in
1583 586 1738 633 tribus
1761 580 1850 634 hu-

477 660 708 719 moribus,
739 678 910 724 aqueo,
937 662 1216 725 crystallino
1241 670 1291 709 et
1314 662 1485 710 vitreo.

196 739 409 811 {srdioptnmx
545 740 591 781 2.
630 735 681 782 Si
705 736 833 783 linea
863 745 998 783 recta
1020 737 1351 799 perspicillum
1387 734 1851 799 perpendiculariter

230 792 356 811 nvexum
370 794 410 812 re-

194 826 425 861 fractusraffius‚
479 819 623 871 secet,
649 813 807 876 sitque
842 815 1118 876 superficies
1143 816 1244 876 ejus
1268 831 1366 861 una
1390 815 1581 876 quidem
1619 813 1852 876 sphaerice

193 878 284 940 3:221?
282 873 407 949 ξιζζξῗῗ
401 880 463 950 Ρζζ
480 902 710 948 convexa,
728 890 880 936 altera
895 906 1009 937 vero
1025 890 1100 937 vel
1116 890 1347 952 sphaerice
1367 906 1584 937 convexa
1600 889 1677 936 vel
1690 888 1850 951 Plan&

193 956 332 992 quuius
355 959 405 990 est,
428 966 462 984 ‘³⁰
480 972 822 1027 sumptumque
847 966 909 1012 sit
931 965 981 1012 in
1006 982 1063 1012 ea
1081 973 1216 1012 recta
1233 972 1469 1028 punctum
1487 964 1696 1022 radians,
1715 964 1852 1026 eujus

191 998 306 1025 radium
317 999 352 1026 ab
362 999 462 1027 eodem

192 1045 321 1111 {3331
315 1043 463 1112 pgpa‘fffl‘
478 1038 656 1097 radius,
693 1040 910 1087 incidens
944 1041 996 1087 in
1029 1048 1265 1103 punctum
1296 1040 1546 1103 quodlibet
1582 1038 1852 1101 superficiei

191 1130 271 1175 ptarte
286 1127 391 1164 dioptri
404 1095 462 1156 10ss
480 1113 659 1177 dioptri
681 1115 843 1177 ibique
871 1116 1124 1173 refractus,
1150 1122 1280 1162 secet
1304 1115 1507 1162 eandem
1531 1122 1716 1161 rectam
1738 1129 1851 1176 pro-

189 1174 354 1206 ffussecat'
479 1189 652 1237 ductus
689 1206 748 1237 ex
789 1191 940 1237 altera
973 1198 1110 1253 parte
1153 1191 1361 1253 dioptri;
1403 1190 1566 1237 radius
1603 1206 1632 1236 a
1666 1196 1850 1252 puncto

477 1265 694 1326 quolibet
728 1266 942 1328 ejusdem
965 1274 1113 1313 rectae
1135 1266 1545 1328 perpendicularis
1574 1263 1848 1322 remotiore,

474 1340 710 1387 refractus
733 1341 783 1388 in
807 1341 978 1388 eodem
1012 1350 1194 1403 puncto
1220 1341 1413 1403 dioptri,
1439 1340 1621 1387 secabit
1646 1338 1850 1386 eandem

474 1415 922 1476 perpendicularem
948 1433 1006 1463 ex
1040 1416 1194 1463 altera
1216 1423 1355 1478 parte
1381 1415 1559 1477 dioptri
1581 1414 1796 1477 propius.

541 1489 801 1552 Dioptrum
833 1491 878 1537 A
894 1491 934 1537 B
964 1491 1034 1551 (in
1057 1491 1214 1553 figura
1235 1491 1408 1552 prima)
1431 1498 1561 1537 secet
1584 1495 1719 1536 recta
1751 1488 1789 1536 C
1803 1489 1847 1536 D

473 1565 937 1628 perpendiculariter
971 1566 1021 1612 in
1055 1566 1095 1612 E
1120 1573 1166 1612 et
1192 1566 1243 1623 F,
1269 1572 1608 1627 sumptumque
1631 1564 1682 1610 in
1706 1579 1763 1610 ea
1786 1563 1849 1610 sit

472 1647 707 1702 punctum
745 1640 801 1698 G,
845 1657 874 1687 a
912 1656 1006 1702 quo
1047 1639 1212 1687 radius
1259 1640 1300 1686 G
1317 1640 1364 1686 H
1403 1638 1588 1686 incidat
1620 1638 1671 1685 in
1711 1646 1848 1686 ante-

472 1716 650 1763 riorem
686 1716 990 1778 superficiem
1022 1715 1200 1778 dioptri
1225 1715 1287 1762 ad
1313 1714 1359 1762 H
1384 1736 1395 1769 ;
1432 1714 1588 1776 sitque
1612 1713 1847 1760 refractus

470 1792 628 1854 primo
643 1791 707 1838 ad
724 1792 762 1849 Ι,
779 1799 828 1838 et
846 1791 959 1838 inde
977 1791 1040 1838 ad
1056 1798 1292 1854 punctum
1310 1790 1380 1837 M.
1435 1790 1664 1837 Sumatur
1681 1803 1847 1835 rursus

473 1867 605 1913 aliud
638 1873 875 1929 punctum
900 1867 938 1913 C
961 1866 1211 1924 remotius,
1237 1882 1266 1912 a
1291 1882 1386 1928 quo
1421 1864 1584 1911 radius
1622 1863 1660 1910 C
1683 1863 1728 1910 H
1772 1879 1847 1910 re-

472 1942 654 1989 fractus
679 1941 741 1988 sit
764 1941 827 1988 ad
850 1942 904 1999 L,
930 1948 978 1988 et
1011 1941 1124 1988 inde
1160 1941 1223 1988 ad
1254 1941 1314 1987 D.
1383 1940 1506 1987 Dico
1529 1946 1767 2002 punctum
1801 1938 1845 1986 D

470 2017 669 2079 propius
693 2031 796 2063 esse
821 2011 1013 2078 dioptro
1039 2032 1184 2078 quam
1207 2022 1442 2078 punctum
1466 2014 1536 2061 M.

541 2092 784 2140 Quoniam
802 2092 930 2138 enim
955 2091 995 2137 G
1013 2092 1076 2149 H,
1103 2091 1141 2137 C
1160 2091 1206 2137 H
1233 2097 1528 2138 concurrunt
1550 2087 1601 2135 in
1621 2088 1686 2146 H,
1705 2087 1846 2135 cadet

473 2167 680 2214 refracta
718 2166 843 2213 radii
886 2166 924 2212 C
943 2166 990 2212 H
1030 2166 1158 2212 inter
1199 2165 1457 2211 refractam
1496 2162 1620 2210 radii
1654 2162 1696 2210 G
1712 2163 1759 2209 H
1797 2169 1846 2210 et

471 2241 919 2305 perpendicularem
960 2240 998 2287 C
1014 2241 1056 2287 D
1076 2259 1086 2287 :
1134 2247 1392 2302 propterea
1443 2237 1574 2300 quod
1618 2237 1844 2284 refractio

472 2317 739 2375 amborum,
758 2323 859 2363 tam
877 2316 928 2363 in
949 2316 1140 2378 dioptro
1161 2331 1304 2377 quam
1320 2322 1433 2375 ante
1453 2320 1502 2360 et
1523 2328 1648 2375 pone
1668 2312 1843 2375 ipsum,

471 2392 523 2438 in
565 2392 735 2439 eodem
775 2393 833 2438 fit
871 2391 1047 2438 medio.
1119 2390 1313 2438 Secabit
1352 2389 1502 2451 igitur
1541 2387 1704 2434 radius
1745 2388 1842 2435 LD

471 2467 922 2530 perpendicularem
955 2466 992 2512 C
1011 2466 1054 2513 D
1078 2466 1205 2512 inter
1230 2466 1283 2511 M
1309 2471 1358 2511 et
1381 2465 1432 2511 F.
1501 2462 1702 2524 Propius
1727 2478 1843 2525 ergo

472 2550 546 2589 est
581 2542 773 2604 dioptro
807 2547 1045 2604 punctum
1068 2541 1112 2588 D
1138 2556 1283 2603 quam
1315 2546 1551 2602 punctum
1576 2537 1645 2584 M.
1698 2537 1844 2585 Quod

472 2624 576 2664 erat
598 2617 918 2680 probandum.

537 2693 821 2740 Notandum
857 2699 1019 2739 autem
1059 2697 1147 2748 est,
1185 2689 1314 2753 quod
1350 2688 1390 2735 si
1427 2686 1746 2734 determinata
1781 2686 1844 2733 sit

470 2767 708 2829 positione
722 2768 851 2814 linea
865 2767 962 2814 GH
974 2767 995 2813 Ι
1005 2767 1075 2825 Μ,
1095 2771 1433 2827 sumptumque
1447 2761 1517 2808 ita
1531 2760 1593 2808 sit
1606 2767 1842 2823 punctum

471 2842 524 2900 C,
548 2848 602 2888 ut
625 2843 664 2888 E
682 2842 735 2900 C,
760 2843 797 2889 F
812 2843 865 2889 M
901 2842 997 2889 sint
1020 2840 1243 2903 aequales,
1268 2837 1432 2885 radius
1468 2836 1641 2883 ductus
1666 2852 1695 2883 a
1719 2836 1758 2883 C
1781 2835 1845 2882 ad
