1968 3256
357 283 428 317 DE
454 282 593 318 Loco
620 280 844 316 OBJECTI
869 278 1212 324 APPARENTE,
1234 280 1350 314 Ero.
1474 271 1539 314 49

236 393 401 442 Altera
432 410 592 453 causa,
623 408 731 457 quae
764 390 1058 440 determinat
1096 391 1258 439 locum
1298 392 1536 455 imaginis,
1595 417 1792 450 SECT,11,

82 519 92 531 ‚
165 471 280 518 sunt
301 469 420 534 ipsae
432 470 574 518 lineae
595 469 800 518 visuales
840 476 1068 516 exeuntes
1105 468 1165 515 ab
1203 468 1343 515 oculo
1384 469 1421 515 F
1453 484 1540 531 per
1675 469 1704 499 ⁶·

162 553 347 611 puncta
368 546 660 596 reflectionis
697 546 738 594 E
763 552 811 594 et
835 545 892 593 C.
960 543 1218 592 Videbitur
1248 559 1363 607 ergo
1385 560 1537 607 punc-
1558 562 1693 613 ⁰⁰¹.¹¹.⁰‘³.‘
1710 563 1821 613 objecto

162 629 270 671 tum
300 623 343 672 G
377 630 483 671 tum
517 622 569 670 in
601 621 773 670 visuali
795 622 833 669 F
854 621 910 680 E,
939 627 1046 668 tum
1080 619 1131 667 in
1165 619 1395 684 parallela
1430 619 1473 667 G
1497 620 1534 667 Ι.
1556 605 1822 677 ξ’,ζζζῑᾝζξᾱξζέζ

162 698 419 747 Videbitur
441 714 558 763 ergo
594 698 646 746 in
680 697 1024 746 intersectione
1059 696 1122 745 ad
1145 696 1183 744 Ι.
1251 696 1316 744 Et
1336 702 1536 760 propter
1555 692 1814 764 ffiffissffffiffln

162 773 368 840 easdem
389 790 557 823 causas
579 773 824 822 videbitur
845 781 1083 838 punctum
1108 772 1155 819 H
1182 771 1232 820 in
1257 772 1318 820 K.
1556 778 1685 829 {nveqitss
1716 757 1823 808 100um’

227 850 384 899 Locus
421 857 584 899 autem
627 850 851 914 imaginis
888 849 1097 913 cujusvis
1134 849 1216 897 alii
1249 847 1419 912 puncti
1453 848 1539 896 ob·
1557 830 1699 860 magun*

38 982 39 986 Ἰ
155 926 275 990 jecti
296 926 543 975 invenitur
574 942 662 990 per
685 925 888 974 eandem
923 924 1222 984 methodum,
1259 924 1488 972 nimirum
1511 941 1542 972 a

46 1041 49 1045 J
107 1053 113 1059 ,
159 1009 342 1066 puncto
377 1002 482 1066 ipso
527 1002 750 1052 ducendo
805 1003 983 1050 lineam
1020 1001 1367 1065 perpendiculo
1411 1001 1540 1049 oculi

159 1078 455 1142 parallelam,
473 1086 523 1128 et
535 1079 714 1128 lineam
728 1079 789 1128 ab
809 1079 980 1127 eodem
996 1085 1180 1143 puncto
1213 1094 1322 1142 quae
1337 1077 1400 1126 ad
1424 1094 1536 1126 ocu-

157 1153 260 1203 lum
275 1155 569 1204 reflectatur.
610 1155 869 1204 Videbitur
883 1155 1012 1203 enim
1029 1155 1081 1202 in
1099 1170 1264 1202 earum
1281 1170 1536 1202 concursu,

225 1231 415 1295 Regula
451 1231 556 1280 haec
600 1231 880 1280 inveniendi
918 1231 1079 1279 locum
1119 1230 1343 1293 imaginis
1392 1229 1538 1277 etiam

31 1298 35 1307 ⁸
81 1366 90 1378 ι
158 1307 364 1372 speculis
387 1307 544 1372 planis
567 1315 616 1356 et
639 1307 873 1372 sphaerice
897 1306 1123 1355 convexis
1148 1305 1416 1354 communis
1449 1316 1538 1364 est,

157 1399 332 1448 nempe
358 1392 415 1432 ut
453 1384 517 1432 sit
557 1384 692 1432 locus
719 1383 943 1447 imaginis
979 1383 1031 1431 in
1066 1399 1306 1431 concursu
1338 1390 1486 1430 rectae
1510 1399 1540 1430 a

137 1488 139 1490 μ
158 1460 328 1523 quovis
345 1467 528 1524 puncto
552 1459 731 1524 objecti
755 1459 916 1507 ductae
937 1458 1283 1523 perpendiculo
1307 1458 1434 1506 oculi
1456 1474 1540 1521 pa-

156 1535 336 1584 rallelae
360 1553 472 1584 cum
499 1536 630 1585 linea
652 1535 837 1584 visuali.
907 1535 1036 1583 Nam
1075 1535 1126 1583 in
1150 1534 1357 1598 speculis
1380 1534 1536 1598 planis

156 1612 291 1661 locus
331 1612 555 1676 imaginis
593 1620 667 1665 est
697 1613 748 1660 in
789 1612 968 1675 objecti
1002 1611 1363 1676 perpendiculo,
1406 1611 1537 1675 quod

158 1689 286 1738 'oculi
308 1689 655 1753 perpendiculo
680 1696 754 1737 est
774 1688 1074 1752 parallelum.

223 1772 269 1814 2.
307 1765 454 1815 Quod
487 1765 528 1813 si
552 1766 798 1828 objectum
821 1765 891 1813 ita
914 1765 1203 1813 collocatum
1243 1765 1307 1812 sit
1337 1771 1392 1812 ut
1415 1764 1535 1812 inci-

158 1841 330 1890 dentes
365 1841 489 1890 radii
529 1858 630 1889 non
665 1857 717 1889 se
757 1841 1069 1900 intersecent,
1113 1847 1334 1889 centrum
1371 1849 1535 1889 autem

156 1917 341 1982 speculi
363 1917 427 1966 sit
448 1917 576 1965 inter
594 1918 787 1965 oculum
807 1926 856 1965 et
878 1918 1111 1966 verticem
1129 1917 1326 1980 speculi,
1350 1916 1535 1964 inveni-

157 2002 265 2043 etur
285 1994 421 2042 locus
443 1993 667 2057 imaginis
689 1993 783 2042 hoc
795 1993 961 2042 modo.

224 2070 299 2119 Sit
321 2077 542 2118 centrum
566 2070 748 2133 speculi
762 2070 821 2129 A,
840 2078 1009 2118 vertex
1033 2070 1088 2130 B,
1104 2070 1262 2133 ipsum
1285 2069 1534 2133 speculum

155 2161 241 2207 ce,
279 2147 447 2196 oculus
465 2147 523 2210 f,
549 2147 794 2210 objectum
824 2146 920 2211 gh.
991 2147 1160 2210 Sitque
1180 2164 1262 2211 ge
1299 2146 1531 2204 incidens,

156 2231 207 2272 et
229 2223 410 2272 reflexa
432 2222 512 2286 ef.
566 2222 638 2270 Sit
653 2222 771 2270 item
795 2223 825 2270 Iz
842 2240 868 2271 e
891 2222 1123 2282 incidens,
1147 2229 1196 2270 et
1229 2223 1408 2270 reflexa
1431 2223 1533 2285 ejus

155 2317 182 2348 c
192 2300 240 2358 f.
308 2299 617 2347 Videbuntur
652 2315 767 2363 ergo
802 2307 984 2363 puncta
1017 2299 1048 2347 Ιι
1060 2316 1100 2364 g
1133 2299 1310 2359 alicubi
1332 2298 1383 2346 in
1407 2298 1534 2346 visu-

154 2376 417 2440 alibusfc,
433 2377 536 2439 fe.
609 2375 919 2439 Supponatur
937 2377 1039 2439 jam
1063 2376 1308 2439 objectum
1323 2375 1353 2422 lz
1367 2391 1406 2439 g
1427 2382 1532 2422 'mo-

153 2452 256 2500 veri
292 2452 422 2500 inter
467 2451 719 2516 parallelas
765 2452 795 2498 h,
811 2452 858 2511 lc,
892 2452 1370 2516 gi.Videb11ntur
1415 2467 1531 2514 ergo

154 2528 353 2587 moveri,
369 2528 456 2576 sed
477 2544 565 2592 per
582 2527 700 2576 alias
717 2528 932 2591 aliasque
951 2528 1173 2576 visuales.
1228 2528 1353 2575 Cum
1368 2535 1531 2576 autem

153 2611 389 2670 punctum
409 2621 450 2669 g
473 2604 613 2652 estin
638 2604 671 2663 i,
691 2612 740 2651 et
758 2603 788 2650 lz
811 2603 863 2650 in
881 2603 926 2663 lc,
942 2604 1187 2652 videbitur
1205 2605 1222 2650 z·
1240 2605 1300 2651 ab
1325 2605 1464 2652 oculo
1479 2606 1530 2653 in

150 2697 207 2746 g,
227 2687 277 2730 et
293 2681 324 2728 k
347 2681 407 2729 ab
423 2681 563 2729 oculo
581 2681 632 2728 in
657 2680 703 2728 Ιι.
763 2680 926 2728 Quare
945 2680 1154 2727 vicissim
1170 2687 1218 2728 et
1232 2680 1263 2727 Ιι
1287 2680 1530 2729 videbitur

155 2758 215 2806 ab
239 2757 379 2806 oculo
399 2757 450 2806 in
485 2757 515 2804 lc
531 2776 550 2812 ;
586 2765 636 2805 et
654 2774 695 2821 g
720 2758 780 2804 ab
806 2756 945 2804 oculo
969 2757 1019 2804 in
1044 2757 1095 2811 i;
1125 2765 1175 2804 et
1198 2757 1340 2804 ambo
1364 2757 1394 2804 Ιι
1419 2766 1468 2805 et
1489 2777 1529 2821 g·

154 2833 216 2881 'ab
237 2849 337 2881 uno
369 2840 420 2880 et
456 2833 627 2881 eodem
663 2833 802 2880 oculo
839 2832 890 2879 in
906 2831 964 2895 f.
1033 2832 1120 2880 Est
1153 2848 1268 2896 ergo
1306 2833 1527 2896 imaginis

155 2909 334 2973 objecti
349 2908 378 2956 h
384 2925 424 2973 g
443 2909 577 2958 locus
592 2909 818 2957 inventus
838 2907 868 2955 lc
888 2907 920 2955 i.
953 2907 1098 2956 Quod
1113 2916 1217 2956 erat
1235 2908 1526 2958 faciendum.

286 3000 410 3035 VOL.
437 2999 499 3034 11.
1361 3000 1392 3033 E

0 2781 27 2868 ἐξ

0 2879 21 2938 ³}
