1994 3256
341 257 414 292 DE
443 257 668 292 OBJECTI
694 255 834 291 Loco
861 254 1205 301 APPARENTE,
1232 256 1347 291 Ere.
1496 250 1552 294 21

251 370 429 419 Coroll.
455 385 491 419 1.
528 371 683 418 Locus
715 368 894 431 objecti
924 383 1067 416 verus
1096 374 1146 416 et
1175 383 1410 431 apparens
1444 384 1562 418 eun-
1613 394 1738 428 SECT,
1758 395 1808 433 Π,

185 445 298 495 dem
333 446 584 495 subtendit
625 445 890 509 angulum;
926 461 1041 492 nam
1080 443 1211 493 idem
1243 452 1317 493 est
1357 447 1561 509 angulus
1692 447 1724 477 3·

180 522 226 572 A
242 523 283 571 E
300 523 340 571 B
365 531 416 571 et
438 524 476 572 F
488 524 527 571 E
543 523 598 571 G.

249 599 426 648 Coroll.
454 614 514 648 11.
551 598 688 647 Idem
727 599 975 662 objectum
999 597 1040 646 si
1063 597 1125 645 sit
1159 597 1408 656 remotiuS,
1442 597 1559 646 ima-

178 692 243 740 go
278 677 380 740 ejus
415 674 660 724 videbitur
703 674 858 738 magis
896 674 1019 722 citra
1057 673 1318 736 objectum,
1357 672 1472 737 quia
1509 674 1561 722 in

178 753 362 816 majore
386 751 619 800 distantia
652 750 755 814 agit
778 750 998 809 debilius,
1034 756 1083 798 et
1115 756 1376 813 propterea
1396 757 1559 813 partes

177 829 281 891 ejus
311 827 406 876 nisi
440 827 661 890 longiore
684 842 947 890 progressu
981 825 1046 873 ad
1080 825 1354 874 faciendam
1377 826 1559 875 sensio-

175 921 289 954 nem
320 920 419 952 non
446 903 715 956 sufficiunt.
784 904 847 951 Et
891 901 1098 966 proinde
1136 902 1281 950 etiam
1328 902 1560 952 distantia

173 979 304 1029 inter
339 980 587 1044 objectum
634 979 943 1043 quantumvis
988 995 1220 1043 magnum
1260 985 1310 1028 et
1365 980 1559 1029 oculum

173 1063 312 1114 tanta
335 1056 440 1105 dari
462 1064 638 1121 potest,
661 1063 718 1104 ut
740 1056 874 1104 nulla
897 1056 1000 1119 ejus
1042 1056 1239 1104 omnino
1274 1056 1360 1104 fiat
1383 1057 1557 1105 sensio.

173 1133 436 1196 Objectum
458 1133 589 1181 idem
614 1149 710 1197 quo
742 1133 897 1196 magis
922 1133 982 1181 ab
1018 1133 1160 1182 oculo
1185 1132 1349 1192 distat,
1374 1149 1431 1181 eo
1470 1134 1556 1181 sub

170 1210 358 1259 minore
380 1209 576 1259 videtur
598 1210 776 1274 angulo
810 1209 1004 1258 visori0.
1075 1211 1186 1258 Hoc
1218 1216 1381 1258 autem
1403 1210 1557 1258 mani-

169 1286 341 1335 festius
365 1279 439 1335 est
462 1303 610 1350 quam
623 1294 680 1334 ut
699 1293 841 1349 egeat
865 1285 1296 1334 demonstratione.
1366 1286 1441 1334 Ex
1460 1303 1556 1350 quo

169 1362 378 1427 intelligi
414 1363 563 1411 etiam
599 1362 693 1411 hoc
730 1369 907 1427 potest,
934 1362 1064 1426 quod
1090 1363 1142 1410 in
1173 1362 1444 1411 remotione
1469 1363 1556 1411 ob-

163 1438 284 1502 jecti
318 1440 379 1488 ab
426 1440 568 1488 oculo
611 1447 849 1503 perpetua
893 1439 1205 1504 pervenietur
1249 1439 1447 1488 tandem
1492 1439 1556 1488 ad

166 1515 344 1576 locum,
369 1516 500 1564 unde
516 1516 659 1564 lineae
673 1522 822 1565 rectae
846 1516 906 1563 ab
932 1516 1110 1580 objecti
1134 1515 1363 1563 extremis
1387 1516 1554 1564 termi-

165 1591 242 1641 nis
265 1592 329 1640 ad
352 1600 577 1641 centrum
611 1593 782 1641 retinae
807 1592 967 1640 ductae
1001 1592 1236 1655 angulum
1271 1591 1458 1640 faciunt
1481 1592 1553 1640 in-

167 1669 457 1729 sensibilem,
474 1677 524 1718 et
546 1668 751 1733 proinde
776 1669 1024 1732 objectum
1047 1675 1318 1732 appareret,
1335 1668 1552 1717 coeunti-

164 1745 256 1793 bus
274 1745 494 1793 terminis
512 1744 754 1808 imaginis,
777 1751 1013 1808 tanquam
1034 1751 1286 1809 punctum.

230 1827 278 1869 4.
317 1820 463 1871 Quod
500 1821 542 1868 si
572 1820 769 1868 daretur
807 1820 1038 1869 distantia
1075 1822 1257 1885 objecti
1287 1836 1416 1880 vera,
1453 1837 1552 1870 una
1568 1840 1644 1870 Data
1656 1844 1794 1880 magma.

166 1913 279 1946 cum
302 1896 536 1946 distantia
565 1896 648 1944 illa
683 1896 735 1945 in
767 1913 864 1960 qua
897 1896 1059 1961 imago
1084 1898 1187 1961 ejus
1222 1897 1467 1946 evanescit
1498 1898 1549 1946 in
1565 1885 1809 1965 Ξᾷῗξῃᾞξζᾟξ

163 1979 401 2037 punctum
418 1973 497 2021 vel
518 1973 570 2020 in
592 1972 979 2037 magnitudinem
1002 1973 1180 2033 datam,
1206 1973 1404 2022 daretur
1427 1990 1550 2038 quo:
1564 1972 1708 2044 {¹333
1722 1974 1808 2002 ‘mu‘

165 2065 260 2114 que
295 2049 432 2098 locus
469 2064 709 2113 apparens
733 2048 950 2112 ejusdem
980 2049 1158 2113 objecti
1198 2050 1250 2098 in
1286 2050 1419 2098 omni
1454 2050 1549 2098 alia
1564 2068 1630 2109 {ens
1644 2027 1811 2110 ἰιῗξὶῗεδὲιῗ

164 2125 397 2174 distantia
427 2126 487 2173 ab
512 2125 669 2185 oculo,
693 2141 792 2174 non
813 2126 997 2189 majore
1031 2142 1176 2190 quam
1199 2126 1283 2175 illa
1304 2126 1357 2175 in
1376 2143 1472 2190 qua
1493 2134 1549 2176 ut
1563 2106 1604 2132 na
1616 2104 1750 2142 quahbet.

161 2209 402 2267 punctum
423 2201 688 2249 videretur.

229 2278 305 2328 Sit
332 2279 404 2342 (in
420 2279 503 2342 fig.
524 2280 573 2341 2)
596 2278 764 2327 oculus
787 2278 839 2326 in
861 2278 921 2326 A.
992 2278 1251 2343 Objectum
1276 2279 1378 2328 sive
1404 2286 1557 2328 verus¹

161 2357 264 2420 ejus
295 2355 431 2404 locus
456 2355 496 2403 B
514 2355 567 2413 C,
593 2354 671 2403 cui
707 2370 795 2418 per
819 2362 1041 2403 centrum
1072 2356 1244 2405 retinae
1271 2356 1317 2404 A
1341 2356 1548 2405 ducatur

160 2431 361 2496 aequalis
398 2439 450 2480 et
490 2431 722 2495 parallela
761 2431 805 2479 D
821 2431 877 2479 E.
968 2432 1126 2480 Locus
1163 2439 1326 2481 autem
1368 2433 1547 2496 objecti

160 2523 399 2573 apparens
423 2508 485 2556 sit
521 2508 558 2556 F
573 2508 628 2556 G.
698 2508 869 2556 Ductis
905 2515 1069 2557 autem
1105 2509 1246 2558 lineis
1283 2509 1545 2558 visualibus

158 2584 205 2633 A
220 2584 277 2644 B,
301 2584 347 2632 A
363 2584 416 2644 C,
453 2583 715 2632 subtendet
737 2585 774 2632 F
792 2584 835 2632 G
857 2585 1091 2649 angulum
1112 2585 1346 2635 visualem
1370 2586 1412 2634 B
1428 2586 1474 2634 A
1489 2586 1543 2635 C.

161 2661 499 2725 Supponamus
537 2661 637 2725 jam
672 2661 918 2723 objectum
941 2661 1031 2710 BC
1054 2661 1303 2711 admoveri
1341 2662 1405 2711 ad
1427 2679 1546 2712 ocu-

157 2736 260 2786 lum
294 2744 344 2785 et
379 2737 607 2786 collocari
629 2736 681 2785 in
722 2737 770 2784 H
791 2737 830 2795 Ι,
861 2745 1180 2803 oporteatque
1221 2739 1542 2789 determinare

156 2811 321 2862 locum
342 2814 446 2878 ejus
474 2820 802 2878 apparentem.
871 2814 916 2862 A
938 2815 1132 2878 punctis
1156 2815 1201 2863 D
1225 2823 1274 2864 et
1295 2816 1336 2864 E
1361 2815 1542 2865 ducan-

157 2895 239 2939 tur
260 2890 306 2940 D
321 2890 374 2950 F,
395 2890 436 2939 E
451 2890 494 2940 G
515 2898 679 2951 rectae,
705 2907 830 2955 quae,
855 2890 970 2955 quia
992 2891 1029 2939 F
1044 2891 1086 2940 G
1115 2891 1274 2942 minor
1298 2900 1372 2942 est
1394 2910 1543 2958 quam
