1994 3256
231 384 369 418 -SEc'n
388 385 439 419 11.

314 437 347 468 3.

210 903 304 932 Locus
317 902 418 940 objecti

209 955 347 985 apparens
360 955 429 973 sem-

209 999 260 1028 per
272 989 356 1018 oculo
368 998 429 1025 pro-

208 1033 342 1070 pinquior
354 1035 396 1059 est
408 1032 440 1059 in

209 1077 318 1105 visione
332 1076 447 1108 directa,

209 1118 311 1157 quaml
312 1126 471 1146 uuuuuuuuu

485 241 549 286 20
997 254 1067 288 DE
1094 255 1333 288 HOMINE.

553 363 791 412 Praeterea
813 365 1015 428 angulus
1038 366 1256 425 visorius,
1281 367 1367 414 sub
1387 383 1480 429 quo
1499 367 1740 430 objectum
1762 369 1848 417 ali-

489 439 618 503 quod
638 439 843 499 videtur,
868 440 987 489 adeo
1010 457 1185 504 parvus
1205 458 1305 489 esse
1322 450 1496 506 potest,
1514 450 1570 490 ut
1595 443 1722 492 actio
1745 445 1848 508 ejus

486 514 789 578 imprimatur
811 515 862 562 in
884 517 1102 575 retinam,
1127 516 1178 563 in
1196 526 1391 580 puncto,
1411 518 1608 581 physico
1634 518 1844 582 quidem,

486 590 572 638 sed
595 590 727 638 omni
749 597 911 638 tamen
944 598 1124 654 puncto
1159 592 1359 656 physico
1395 593 1507 641 dato
1542 594 1745 654 minore,
1781 595 1850 644 ita

485 673 540 714 ut
564 673 931 729 quantacunque
950 667 1012 714 sit
1029 666 1099 714 vis
1118 667 1318 715 actionis
1337 669 1526 732 objecti,
1545 670 1665 717 nihil
1681 677 1848 719 tamen

485 741 706 789 videatur
721 749 898 804 praeter
914 751 1148 805 punctum
1165 744 1430 807 physicum,
1450 746 1539 793 etsi
1558 746 1677 794 illud
1694 763 1848 810 punc-

485 823 590 864 tum
614 817 787 865 clarius
811 818 874 865 sit
897 818 947 864 in
971 818 1158 865 actione
1181 819 1294 866 forti
1318 837 1459 883 quam
1483 822 1533 868 in
1558 822 1718 870 debili.

554 898 598 940 3.
636 893 692 939 In
707 893 838 940 omni
853 893 1033 940 visione
1050 894 1246 954 directa,
1264 896 1398 943 locus
1417 897 1594 960 objecti
1611 914 1849 962 apparens

487 969 586 1016 sive
608 968 740 1016 locus
771 969 993 1032 imaginis
1022 978 1094 1017 est
1131 971 1253 1018 citra
1283 971 1441 1019 locum
1469 974 1570 1036 ejus
1592 990 1777 1035 verum,
1799 983 1851 1023 et

487 1043 644 1091 minor
667 1044 786 1106 ipso.

555 1119 627 1167 Sit
658 1120 900 1182 objectum
938 1121 1007 1182 (in
1030 1122 1111 1184 fig.
1143 1122 1187 1182 1)
1226 1122 1323 1169 AB
1354 1123 1481 1170 linea
1500 1129 1657 1182 recta,
1680 1124 1849 1172 retinae

487 1210 626 1242 arcus
643 1195 681 1242 C
696 1196 755 1254 D,
781 1203 997 1243 centrum
1017 1197 1118 1258 ejus
1135 1197 1189 1243 E.
1259 1198 1378 1245 Dico
1402 1199 1446 1245 A
1462 1199 1501 1245 B
1521 1199 1850 1262 apparituram

488 1285 591 1317 esse
616 1270 736 1317 citra
758 1271 802 1318 A
819 1271 873 1328 Β,
910 1279 1030 1334 puta
1060 1271 1110 1318 in
1135 1272 1240 1330 FG,
1275 1280 1323 1320 et
1354 1289 1454 1320 esse
1487 1274 1579 1322 FG
1612 1274 1849 1322 minorem

486 1344 592 1407 ipsa
613 1344 657 1391 A
674 1344 729 1392 Β.

554 1420 856 1483 Intelligatur
878 1420 921 1467 A
944 1437 1054 1483 pars
1079 1422 1254 1484 objecti
1277 1422 1397 1470 adeo
1422 1424 1610 1487 exigua,
1627 1431 1684 1472 ut
1705 1440 1736 1472 a
1753 1423 1850 1472 dis-

485 1495 639 1542 tantia
660 1496 776 1552 AE,
812 1495 914 1542 sola
947 1497 1166 1554 existens,
1202 1513 1299 1544 non
1331 1499 1481 1561 possit
1503 1499 1687 1555 videri3
1723 1500 1851 1548 simi-

486 1570 598 1617 liter
636 1578 851 1617 sumatur
887 1571 980 1618 alia
1009 1588 1120 1634 pars
1151 1573 1215 1631 Η,
1242 1589 1347 1635 quae
1371 1575 1432 1622 sit
1455 1576 1547 1638 ipsi
1569 1576 1614 1624 A
1637 1576 1848 1640 aequaliS,

487 1644 649 1708 itaque
694 1661 783 1692 nec
830 1661 900 1703 ea,
948 1647 985 1693 si
1033 1648 1135 1694 sola
1179 1657 1318 1707 esset,
1363 1651 1608 1699 videretur
1627 1672 1639 1707 ;
1685 1659 1850 1700 movet

488 1727 651 1768 tamen
675 1721 866 1768 oculum
897 1728 1115 1785 utraque,
1150 1724 1296 1771 etiam
1328 1725 1442 1782 sola,
1478 1743 1650 1790 nempe
1671 1743 1783 1790 pars
1806 1727 1851 1775 A

487 1811 575 1858 per
596 1803 780 1844 rectam
810 1797 923 1855 AE,
960 1805 1008 1845 et
1038 1814 1149 1861 pars
1182 1799 1230 1845 H
1267 1816 1353 1862 per
1389 1808 1572 1849 rectam
1602 1803 1720 1862 HE,
1745 1819 1852 1866 quae

488 1877 634 1918 rectae
659 1879 959 1934 convergunt
985 1889 1137 1936 usque
1166 1874 1228 1921 ad
1255 1891 1507 1924 occursum
1530 1878 1581 1925 in
1604 1885 1772 1926 centro
1794 1879 1849 1926 E.

492 1947 732 1995 Quoniam
756 1954 916 1994 autem
933 1949 1202 2010 conjunctis
1220 1950 1430 2012 ipsarum
1446 1953 1755 2016 partiumque
1777 1953 1853 2000 in-

489 2022 839 2069 termediarum
867 2023 1047 2070 viribus
1087 2025 1144 2070 fit
1182 2025 1302 2072 visio
1340 2027 1488 2074 totius
1523 2027 1568 2074 A
1585 2028 1650 2086 H,
1681 2028 1733 2076 id
1761 2035 1849 2087 est,

489 2097 649 2159 imago
673 2098 773 2159 ejus
797 2097 970 2160 aliqua,
994 2099 1153 2161 imago
1177 2100 1259 2147 illa
1281 2102 1529 2164 apparebit
1552 2119 1611 2150 ex
1635 2119 1691 2150 ea
1712 2111 1851 2166 parte

490 2172 573 2218 ubi
595 2172 719 2219 vires
743 2173 1117 2236 conjunguntur,
1142 2174 1193 2221 id
1216 2182 1303 2234 est,
1323 2192 1382 2223 ex
1400 2193 1456 2224 ea
1470 2184 1608 2239 parte
1630 2177 1714 2225 ubi
1735 2179 1780 2225 A
1793 2179 1849 2237 E,

492 2247 540 2293 H
556 2247 595 2300 E
621 2255 933 2310 convergunt,
957 2249 1009 2296 id
1032 2250 1161 2312 quod
1184 2258 1256 2297 est
1275 2251 1396 2299 citra
1419 2253 1659 2315 objectum
1682 2269 1851 2301 verum

490 2322 589 2370 AB
627 2323 816 2382 alicubi,
852 2335 971 2387 puta
1004 2325 1055 2372 in
1089 2325 1192 2381 F1;
1239 2327 1478 2375 videbitur
1511 2344 1626 2391 ergo
1661 2329 1706 2376 A
1740 2345 1851 2376 cum

489 2398 706 2459 partibus
730 2395 820 2446 sibi
837 2400 1066 2462 proximis
1090 2401 1140 2447 in
1158 2409 1293 2449 recta
1315 2403 1359 2450 A
1372 2404 1412 2450 E
1435 2403 1497 2450 ad
1518 2411 1706 2466 partem
1725 2404 1777 2463 F,
1802 2411 1851 2451 et
1924 2455 1927 2458 .

490 2487 601 2534 pars
634 2474 682 2520 H
721 2490 831 2521 cum
866 2475 962 2522 suis
995 2476 1165 2523 vicinis
1200 2477 1262 2524 ad
1294 2484 1481 2540 partem
1521 2479 1559 2536 I,
1598 2485 1850 2542 totumque

490 2547 535 2594 A
550 2548 598 2594 H
623 2550 872 2612 apparebit
893 2550 945 2598 in
970 2551 1006 2597 F
1021 2551 1059 2609 Ι,
1089 2567 1194 2614 quae
1218 2560 1290 2599 est
1314 2553 1417 2615 ipsa
1438 2553 1482 2599 A
1499 2554 1546 2600 H
1566 2554 1738 2601 minor.
1774 2555 1850 2602 Ob

490 2623 690 2670 eandem
725 2625 963 2672 rationem
1002 2626 1243 2674 videbitur
1267 2628 1307 2674 B
1324 2629 1368 2675 K
1400 2628 1451 2675 in
1484 2628 1594 2687 GL,
1621 2636 1669 2676 et
1690 2636 1851 2677 totum

488 2698 728 2759 objectum
746 2700 791 2747 A
806 2701 846 2747 B
869 2701 920 2748 in
943 2701 980 2748 F
994 2701 1049 2749 G.
1119 2703 1288 2766 Itaque
1303 2703 1353 2750 in
1371 2704 1500 2750 omni
1518 2704 1700 2753 visione
1717 2714 1852 2754 recta

488 2772 620 2820 locus
666 2775 886 2838 imaginis
939 2784 1011 2824 est
1063 2778 1184 2826 citra
1234 2779 1474 2840 objectum
1525 2795 1706 2840 verum,
1757 2789 1848 2830 etc.

491 2848 636 2897 Quod
659 2857 762 2897 erat
782 2851 1099 2913 probandum.
1133 2907 1137 2908 ⁷
