2020 3262
345 233 418 267 DE
445 234 635 267 REGNO
665 234 761 267 DEI
791 234 896 267 PER
923 233 1141 268 PACTUM
1169 235 1367 268 VETUS.
1463 224 1559 273 367

154 343 312 404 Deus,
338 355 452 409 post
478 345 868 405 tabernaculum,
894 353 944 393 et
968 361 1134 393 arcam
1156 345 1354 393 foederis
1392 362 1563 394 conse-
1603 370 1731 402 ερατ,
1752 367 1822 401 ιη,-

159 427 364 480 oratam,
389 437 491 470 non
514 422 722 486 amplius
759 421 991 484 loquutus
1023 421 1089 469 sit
1126 420 1178 468 in
1215 432 1385 469 monte
1411 422 1561 480 Sinai,

160 496 249 544 sed
287 496 339 544 in
375 497 692 546 tabernaculo
729 497 944 556 foederis,
983 513 1013 544 a
1049 495 1392 560 propitiatorio
1431 497 1565 560 quod

161 579 270 620 erat
315 572 446 620 inter
492 573 814 631 Cherubinos,
862 589 958 636 quo
1015 579 1198 635 praeter
1256 572 1564 620 sacerdotem

158 648 346 696 nemini
370 649 605 697 accedere
628 649 824 697 licebat.
864 647 1119 711 Siquidem
1143 648 1296 711 igitur
1306 648 1399 710 jus
1423 649 1565 711 regni

159 731 427 788 spectetur,
451 724 596 772 simul
630 732 736 773 erat
770 741 1001 772 summum
1039 723 1299 788 imperium
1337 722 1485 770 civile
1515 730 1564 771 et

157 800 359 848 verbum
382 799 485 848 Dei
508 801 886 866 interpretandi
901 800 1187 849 auctoritas
1203 800 1254 848 in
1273 799 1562 855 sacerdote;

158 876 202 925 si
224 892 342 925 vero
347 875 559 941 factum
582 877 880 936 consideres,
900 876 1044 925 simul
1061 883 1203 924 erant
1221 875 1273 923 in
1290 875 1563 939 prophetis,

159 952 244 1016 qui
262 951 507 1000 Israelitas
526 951 835 1015 judicabant.
871 952 1002 1000 Nam
1023 959 1083 999 ut
1093 951 1316 1014 judiceS,
1342 950 1563 998 auctori-

158 1035 313 1076 tatem
335 1028 589 1076 habebant
613 1029 809 1076 civilem
828 1049 839 1084 ;
876 1035 933 1076 ut
955 1028 1242 1093 prophetae,
1266 1027 1564 1090 interpreta-

157 1104 340 1152 bantur
362 1105 568 1153 verbum
593 1105 715 1161 Dei3
753 1112 904 1168 atque
945 1104 1016 1152 ita
1052 1103 1188 1152 omni
1211 1103 1358 1151 modo
1383 1103 1564 1151 hucus-

158 1196 255 1244 que
279 1180 390 1229 duae
407 1180 504 1228 illae
526 1188 800 1244 potestates
826 1180 1176 1244 inseparabiles
1201 1179 1450 1228 exstitere.

1690 421 1739 452 16.

229 1261 306 1304 16.
344 1256 638 1304 Constitutis
677 1256 894 1320 regibus,
937 1257 1142 1305 dubium
1187 1273 1289 1304 non
1328 1262 1403 1304 est
1445 1255 1564 1319 quin
1582 1260 1710 1311 samem
1726 1270 1793 1289 0011-

1577 1308 1699 1342 junctas
1713 1305 1802 1333 fuisse

157 1332 446 1380 auctoritas
483 1331 649 1380 civilis
685 1349 836 1396 penes
876 1349 1017 1397 reges
1059 1340 1202 1381 esset.
1273 1333 1398 1380 Cum
1434 1331 1565 1380 enim
1581 1349 1612 1376 in
1627 1349 1744 1385 regibus
1757 1357 1852 1386 usque

156 1423 366 1471 regnum
384 1407 478 1456 Dei
499 1424 590 1472 per
613 1409 935 1467 sacerdotem,
954 1409 1239 1472 petentibus
1259 1407 1495 1456 Israelitis
1515 1415 1566 1456 et

157 1484 496 1532 consentiente
520 1484 642 1543 Deo,
676 1484 875 1532 finitum
900 1493 1029 1532 esset
1050 1505 1061 1540 ;
1100 1484 1235 1547 quod
1252 1491 1394 1532 notat
1417 1485 1567 1532 etiam

158 1559 493 1625 Hieronymus
529 1561 736 1623 loquens
776 1561 838 1608 de
861 1561 998 1608 libris
1036 1560 1305 1608 Samuelis:
1351 1561 1565 1620 Samuel,

155 1635 335 1700 inquit,
358 1644 555 1685 mortuo
580 1637 698 1685 Heli
722 1644 773 1684 et
797 1637 960 1685 occiso
1001 1636 1134 1695 Saul,
1159 1644 1380 1685 veterem
1405 1637 1567 1700 legem

157 1712 393 1761 abolitam
428 1719 687 1761 monstrat.
760 1713 930 1773 Porro,
954 1713 1006 1760 in
1042 1711 1203 1761 Sadoc
1234 1719 1383 1776 atque
1407 1713 1570 1760 David

158 1788 276 1837 novi
300 1789 572 1836 sacerdotii
603 1796 653 1836 et
688 1788 805 1836 novi
829 1788 1024 1852 imperii
1048 1797 1357 1837 sacramenta
1382 1795 1570 1836 testan-

158 1870 256 1923 tur,
277 1865 375 1927 jus,
401 1880 499 1928 quo
524 1880 666 1929 reges
685 1865 1046 1928 gubernabant,
1066 1865 1119 1913 in
1141 1865 1247 1928 ipsa
1263 1865 1434 1929 populi
1452 1882 1571 1913 con-

159 1940 378 1988 cessione
400 1940 664 1988 fundatum
686 1941 858 1989 fuisse.
912 1941 1152 1989 Sacerdos
1176 1940 1230 1989 id
1246 1948 1440 1989 tantum
1456 1942 1570 2004 jure

157 2023 355 2080 poterat
373 2016 508 2080 quod
525 2017 660 2065 Deus
678 2017 876 2080 juberet
896 2037 908 2072 ;
945 2033 1033 2065 rex
1051 2023 1218 2064 autem
1238 2019 1349 2080 jure
1367 2025 1568 2080 poterat

159 2093 396 2156 quicquid
417 2100 614 2156 poterat
633 2093 745 2157 jure
768 2093 1106 2156 unusquisque
1131 2093 1182 2140 in
1202 2109 1269 2141 se.
1330 2093 1408 2141 Illi
1433 2093 1566 2141 enim

159 2169 395 2218 Israelitae
406 2169 499 2231 jus
523 2168 584 2216 de
609 2169 835 2216 omnibus
850 2168 1122 2232 judicandi
1146 2177 1196 2217 et
1219 2185 1309 2232 pro
1335 2170 1564 2218 omnibus

161 2244 341 2293 bellum
378 2245 598 2310 gerendi
634 2252 987 2293 concesserunt
1007 2266 1018 2301 ;
1061 2245 1114 2293 in
1155 2246 1333 2308 quibus
1373 2246 1566 2294 duobus

158 2321 443 2370 continetur
467 2320 708 2384 quidquid
739 2321 865 2384 juris
889 2321 950 2368 ab
986 2320 1187 2383 homine
1223 2321 1276 2369 in
1312 2321 1566 2370 hominem

157 2397 416 2446 transferri
460 2404 638 2461 potest.
730 2396 1012 2455 Judz'eabit,
1058 2396 1287 2459 inquiunt
1338 2396 1384 2459 (l
1431 2397 1564 2446 Sam.

156 2473 259 2522 viii.
291 2474 399 2536 20),
435 2489 525 2521 nos
563 2488 656 2520 rex
694 2479 879 2532 noster,
905 2478 956 2520 et
991 2473 1290 2537 egredietur
1321 2479 1439 2520 ante
1475 2490 1565 2521 nos

158 2556 211 2598 et
234 2548 495 2615 pugnabit
518 2548 654 2596 bella
673 2555 848 2596 nostra
864 2564 968 2613 pro
993 2547 1150 2596 nobis.
1208 2547 1421 2596 Judicia
1445 2565 1565 2612 ergo

157 2641 310 2689 penes
331 2641 473 2689 reges
497 2633 656 2673 erant.
710 2624 959 2672 Judicare
982 2631 1148 2672 autem
1166 2624 1290 2672 nihil
1314 2625 1450 2672 aliud
1473 2634 1562 2686 est,

160 2718 308 2766 quam
340 2701 483 2767 leges
507 2701 571 2749 ad
593 2701 726 2749 facta
749 2700 1134 2764 interpretando
1159 2700 1430 2764 applicare
1444 2720 1464 2756 ,·
1499 2702 1565 2750 ad-

161 2777 360 2826 eosdem
384 2794 504 2842 ergo
527 2777 811 2842 pertinebat
848 2776 1017 2840 legum
1054 2776 1429 2841 interpretatio,
1499 2778 1564 2826 Et

162 2854 276 2917 quia
310 2862 491 2919 praeter
527 2854 690 2919 legem
725 2852 1030 2912 Mosaicam,
1055 2852 1189 2903 aliud
1228 2853 1433 2902 verbum
1471 2854 1564 2903 Dei

1583 1392 1621 1420 ad
1634 1392 1841 1429 captivitatem.
