2020 3262
387 253 458 286 DE
484 253 687 288 'rmBUs
716 252 1027 287 CIVITATUM
1055 253 1379 287 SPECIEBUS.
1482 244 1578 287 239

248 369 296 411 5.
331 363 598 413 Videamus
627 367 731 429 Jam
763 364 815 412 in
837 381 1135 428 unaquaque
1169 364 1384 413 civitatis
1419 366 1579 429 specie
1621 387 1751 419 sacr.
1770 387 1841 419 111,

181 440 543 501 constituenda,
570 440 690 504 quid
706 441 892 489 faciant
907 441 1283 489 constituentes.
1355 442 1455 490 Qui
1479 442 1579 489 coi-
1717 440 1746 471 7·
1821 485 1826 494 ‚

185 523 332 563 erunt
365 516 430 564 ad
460 517 708 565 civitatem
733 517 1033 580 erigendam,
1058 532 1184 579 pene
1220 533 1278 563 eo
1314 516 1420 580 ipso
1447 517 1580 580 quod
1600 531 1828 581 pannormiam,

180 591 426 649 coierunt,
452 592 764 640 democratia
802 599 931 640 sunt.
991 592 1122 639 Nam
1146 608 1206 639 ex
1242 607 1301 639 eo
1338 592 1472 654 quod
1493 609 1580 640 vo-
1598 578 1868 655 ssssssacss'tr‘ssgffin.

181 667 339 716 lentes
384 676 738 728 convenerunt,
781 668 1127 732 intelliguntur
1172 667 1376 731 obligati
1430 668 1494 715 ad
1530 669 1581 716 id
1598 661 1867 739 ζξζζῖξζῇξῶζζιῗζ

182 743 315 806 quod
338 759 579 792 consensu
601 745 800 808 majoris
823 744 977 807 partis
1003 744 1311 791 decernetur.
1365 743 1424 791 Id
1449 744 1582 806 quod

181 819 416 882 quamdiu
435 829 705 868 conventus
726 820 887 880 durat,
903 820 982 868 vel
1005 820 1058 868 in
1082 826 1244 868 certos
1269 819 1373 867 dies
1398 826 1447 867 et
1471 819 1580 867 loca

154 946 156 949 ,
180 894 422 954 differtur,
473 895 787 944 democratia
835 904 923 945 est.
1003 896 1135 944 Nam
1186 902 1457 943 conventus
1515 895 1580 954 is,

183 971 328 1034 cujus
350 971 581 1019 voluntas
619 980 695 1020 est
722 972 950 1020 voluntas
987 972 1207 1020 omnium
1232 971 1428 1030 civium,
1453 988 1583 1019 sum-

179 1059 308 1094 mum
341 1046 604 1111 imperium
638 1047 802 1095 habet.
873 1049 937 1095 Et
969 1048 1087 1111 quia
1110 1047 1161 1095 in
1186 1055 1433 1095 conventu
1463 1048 1574 1106 hoc,

179 1122 474 1185 supponitur
495 1138 895 1186 unumquemque
918 1123 1100 1171 habere
1118 1125 1201 1187 jus
1226 1124 1447 1187 suffragii
1468 1145 1480 1179 ;
1507 1139 1582 1172 se-

177 1197 493 1261 quitur-eam
539 1214 643 1246 esse
686 1199 1063 1258 democratiam,
1109 1215 1200 1263 per
1246 1199 1583 1248 definitionem

178 1273 414 1322 traditam
448 1273 655 1322 articulo
694 1280 736 1334 1,
777 1274 950 1338 capitis
987 1275 1150 1338 hujus.
1224 1275 1373 1324 Quod
1407 1276 1447 1323 si
1485 1276 1584 1323 dis-

177 1349 372 1408 cedant,
418 1349 732 1413 solveturque
776 1357 1064 1410 conventus,
1110 1368 1271 1415 neque
1320 1352 1583 1415 quicquam

174 1433 293 1474 ante
317 1426 641 1474 constitutum
678 1426 742 1475 sit
778 1426 839 1474 de
875 1434 1098 1491 tempore
1127 1435 1178 1475 et
1211 1428 1320 1476 loco
1346 1445 1396 1476 se
1421 1429 1582 1477 denuo

176 1501 528 1566 congregandi,
565 1502 694 1550 redit
738 1519 817 1550 res
858 1503 922 1550 ad
952 1503 1264 1563 anamkiam,
1303 1513 1353 1552 et
1399 1512 1582 1553 statum

176 1578 331 1638 illum,
355 1578 408 1627 in
432 1595 529 1642 quo
554 1586 660 1627 erat
683 1587 950 1642 antequam
987 1580 1347 1638 convenissent,
1372 1581 1465 1628 hoc
1490 1588 1580 1640 est,

174 1655 240 1704 ad
274 1662 458 1703 statum
495 1655 612 1702 belli
648 1655 868 1703 omnium
902 1664 1076 1703 contra
1099 1673 1285 1705 omnes.
1355 1656 1583 1722 Populus

174 1732 328 1796 igitur
341 1748 573 1779 summam
597 1732 859 1796 imperium
877 1749 978 1780 non
993 1733 1200 1796 amplius
1216 1733 1415 1792 retinet,
1436 1749 1584 1796 quam

177 1808 281 1856 dies
305 1816 357 1856 et
378 1807 515 1855 locus
539 1814 703 1855 certus
742 1808 970 1870 cognitus
1013 1815 1062 1855 et
1096 1810 1398 1857 constitutus
1421 1810 1585 1872 palam

177 1883 257 1943 sit,
282 1883 347 1931 ad
381 1899 530 1946 quem
553 1883 815 1931 convenire
855 1885 1134 1948 quicunque
1170 1885 1340 1933 volent
1376 1886 1583 1949 possint.

176 1959 287 2008 Nisi
310 1959 443 2007 enim
467 1958 520 2006 id
554 1959 809 2022 cognitum
833 1967 883 2007 et
907 1967 1146 2008 statutum
1173 1961 1252 2021 sit,
1277 1972 1484 2025 possunt
1505 1962 1585 2010 vel

173 2035 381 2084 diversis
421 2034 726 2098 temporibus
751 2045 802 2083 et
824 2036 960 2095 locis,
995 2036 1090 2084 hoc
1124 2045 1214 2097 est,
1253 2037 1306 2086 in
1328 2038 1584 2098 factiones,

174 2111 253 2160 vel
291 2127 394 2172 non
441 2110 641 2158 omnino
690 2112 967 2159 convenire.
1039 2112 1216 2176 Neque
1257 2121 1332 2162 est
1374 2115 1585 2179 amplius

174 2190 342 2248 Δῆμος,
367 2186 419 2235 id
442 2193 532 2246 est,
547 2187 788 2252 populace,
814 2188 901 2236 sed
936 2189 1202 2238 multitudo
1228 2190 1480 2251 dissoluta,
1507 2192 1587 2239 cui

173 2265 310 2313 nulla
332 2279 494 2327 neque
519 2264 654 2311 actio
677 2280 836 2327 neque
851 2266 944 2327 jus
977 2266 1182 2314 attribui
1215 2274 1393 2330 potest.
1462 2268 1586 2316 Duae

173 2340 328 2404 igitur
359 2355 437 2387 res
470 2339 781 2387 constituunt
807 2339 1182 2400 democratiam,
1223 2359 1432 2406 quarum
1470 2360 1585 2402 una,

174 2431 354 2480 nempe
379 2414 628 2463 condictio
669 2424 910 2478 perpetua
947 2424 1293 2477 conventuum,
1319 2422 1487 2479 Δῆμον,
1513 2419 1584 2467 al-

175 2499 299 2551 tera,
326 2508 436 2555 quae
461 2499 536 2539 est
558 2491 815 2554 pluralitas
840 2491 1200 2555 suffragiorum,
1226 2494 1276 2540 τὸ
1301 2496 1460 2556 κράτος
1484 2495 1584 2543 sive

174 2575 472 2633 potestatem
496 2567 769 2615 constituit.

241 2650 289 2693 6.
327 2645 588 2702 Praeterea,
631 2659 730 2691 non
779 2643 961 2690 sufficit
997 2644 1198 2709 populo
1240 2645 1305 2693 ad
1351 2662 1585 2696 summam
1603 2668 1640 2696 In
1654 2669 1838 2704 democratia,

176 2720 439 2786 imperium
486 2719 816 2778 retinendum,
855 2726 911 2766 ut
948 2727 1172 2783 tempora
1214 2729 1263 2769 et
1300 2722 1409 2770 loca
1449 2730 1585 2772 certa
1602 2716 1846 2750 oemp⁰r¹¹¹¹¹⁰⁰¹¹'

1601 2757 1738 2784 veniendi
1751 2757 1837 2785 inter-

155 2795 501 2845 ‘conveniendi
526 2796 726 2859 cognita
751 2796 866 2854 sint,
892 2796 987 2844 nisi
1012 2797 1163 2845 etiam
1194 2798 1272 2846 vel
1307 2805 1584 2863 temporum
1602 2799 1870 2837 V³¹¹¹²⁰P⁰¹tetes⁵⁶

1601 2853 1701 2881 parva,
1718 2844 1765 2871 vel
1795 2854 1870 2872 sum-

175 2871 434 2922 intervalla
456 2871 617 2921 minus
656 2872 787 2920 inter
819 2888 870 2920 se
903 2872 1086 2921 distent
1126 2890 1274 2936 quam
1306 2885 1364 2924 ut
1397 2876 1769 2927 intereamiimperii
1782 2897 1870 2917 usum
