2020 3262
419 216 487 259 88.
923 229 992 262 nn
1020 228 1260 262 ΗοΜΙΝΕ.

947 565 1164 613 CAPUT
1198 566 1260 613 X.

703 688 773 720 DE
812 687 1074 721 SERMONE
1112 688 1178 720 ET
1216 687 1507 720 SCIENTIIS.

424 783 457 818 1.
486 779 617 817 Sermo
649 780 846 825 definitus;
873 780 1016 817 homini
1048 781 1235 829 proprius.
1287 782 1323 817 2.
1354 780 1545 818 Sermonis
1581 779 1699 829 origo.
1752 782 1790 818 3.

474 839 664 878 Sermonis
683 841 880 878 commoda
899 846 936 878 et
954 842 1203 879 incommoda.
1257 844 1294 879 4.
1325 841 1490 879 Scientia
1505 847 1542 878 et
1560 841 1791 878 demonstra-

472 902 525 938 tio
544 903 716 939 oriuntur
733 915 779 939 ex
799 903 1013 952 cognitione
1041 915 1250 939 causarum.
1305 904 1342 940 5.
1370 902 1621 938 Theoremata
1638 901 1793 938 demon-

473 963 639 1000 strabilia
669 969 757 1000 sunt
787 964 825 999 in
856 964 900 999 iis
928 968 1075 1000 tantum
1108 963 1220 999 rebus
1252 975 1412 1011 quarum
1442 974 1564 999 causae
1594 963 1632 998 in
1665 966 1793 998 nostra

474 1029 656 1072 potestate
683 1030 795 1069 sunt3
821 1025 858 1060 in
879 1025 1023 1061 caeteris
1053 1029 1200 1061 tantum
1229 1023 1520 1060 demonstrabile
1550 1029 1606 1060 est
1636 1023 1688 1060 ita
1712 1035 1792 1060 esse

472 1097 593 1133 posse.

175 1178 368 1211 SECT.11.
429 1168 469 1209 1.
508 1163 697 1210 SERMO
737 1157 836 1210 sive
872 1163 1029 1210 oratio
1065 1169 1137 1209 est
1170 1162 1515 1209 vocabulorum
1540 1168 1793 1209 contextus

181 1230 371 1297 ,ἕξ-θ
424 1237 622 1285 arbitrio
645 1238 895 1285 hominum
920 1238 1310 1295 constitutorum,
1336 1236 1399 1284 ad
1427 1236 1793 1299 significandam

149 1322 408 1372 sernqqdefiniquae
425 1312 595 1358 seriem
620 1320 944 1375 conceptuum
964 1328 1131 1359 earum
1154 1327 1316 1358 rerum
1352 1327 1469 1373 quas
1509 1311 1793 1374 cogitamus.

146 1364 408 1403 h⁰mm¹pr⁰pnu³‘
425 1387 593 1447 Itaque
616 1394 672 1434 ut
694 1386 984 1434 vocabulum
1008 1394 1080 1432 est
1103 1385 1165 1432 ad
1194 1385 1352 1433 ideam
1376 1385 1474 1432 sive
1506 1393 1794 1448 conceptum

424 1461 567 1508 unius
590 1461 675 1519 rei,
700 1461 769 1508 ita
805 1468 877 1508 est
914 1477 1070 1508 sermo
1109 1461 1171 1508 ad
1207 1461 1477 1507 discursum
1500 1460 1662 1507 animi.
1731 1461 1795 1507 Et

424 1535 615 1583 videtur
637 1536 821 1583 homini
856 1535 1078 1598 proprius
1115 1551 1231 1582 esse.
1301 1536 1426 1582 Nam
1452 1535 1543 1582 etsi
1565 1535 1796 1582 nonnulla

427 1610 652 1657 animalia
673 1611 818 1657 bruta
841 1610 1136 1672 concipiunt,
1154 1625 1245 1656 usu
1269 1610 1426 1668 docta,
1452 1625 1510 1656 ea
1533 1626 1641 1672 quae
1663 1611 1796 1658 volu-

427 1701 533 1732 mus
565 1693 614 1732 et
650 1685 957 1748 imperamus,
995 1693 1196 1748 propter
1232 1686 1393 1743 verba,
1418 1701 1518 1732 non
1548 1693 1711 1732 tamen
1745 1685 1796 1733 id

427 1760 611 1807 faciunt
633 1768 833 1823 propter
854 1761 1003 1808 verba
1020 1767 1258 1823 quatenus
1276 1761 1438 1817 verba,
1460 1760 1543 1807 sed
1559 1769 1796 1823 quatenus

430 1835 567 1897 signa
590 1843 730 1890 sunt;
765 1852 879 1883 nam
903 1835 965 1883 ad
989 1852 1134 1898 quam
1156 1852 1259 1883 rem
1282 1835 1646 1898 significandam
1670 1835 1796 1884 arbi-

428 1910 522 1957 trio
544 1911 795 1958 hominum
820 1911 1083 1958 constituta
1113 1918 1240 1969 sunt,
1265 1911 1501 1958 nesciunt.

497 1985 794 2048 Significatio
818 1994 995 2045 autem,
1022 2002 1130 2049 quae
1164 1987 1220 2033 fit
1253 2002 1340 2049 per
1370 2002 1540 2033 vocem
1571 1985 1712 2033 unius
1734 1985 1797 2037 ad

429 2060 634 2107 alterum
667 2061 717 2108 in
752 2061 923 2108 eodem
961 2077 1139 2124 genere
1177 2061 1469 2119 animalium,
1493 2060 1600 2108 ideo
1639 2076 1796 2108 sermo

431 2151 528 2182 non
566 2142 652 2193 est,
678 2136 790 2198 quia
812 2152 911 2183 non
934 2136 1131 2183 arbitrio
1167 2137 1380 2198 ipsorum
1404 2135 1489 2183 sed
1512 2135 1796 2183 necessitate

428 2218 616 2259 naturae
657 2227 755 2259 suae
791 2227 933 2259 voces
968 2212 1077 2270 illae,
1110 2212 1280 2274 quibus
1316 2227 1438 2274 spes,
1475 2218 1646 2269 metus,
1677 2226 1796 2273 gau-

430 2285 578 2343 dium,
625 2292 735 2344 etc„
782 2286 1131 2348 significantur,
1178 2287 1238 2334 ab
1283 2286 1397 2349 ipsis
1426 2285 1726 2348 passionibus
1748 2285 1796 2332 vi

431 2361 780 2423 exprimuntur.
850 2361 926 2407 Fit
966 2361 1129 2423 itaque
1166 2361 1216 2408 in
1253 2360 1550 2418 animalibuS,
1592 2375 1796 2422 quorum

428 2436 625 2483 vocibus
664 2436 913 2483 minimam
946 2437 1184 2499 contingit
1219 2436 1373 2483 inesse
1408 2434 1703 2492 varietatem,
1739 2442 1796 2481 ut

428 2511 579 2558 altera
601 2512 661 2559 ab
686 2511 849 2559 alteris
873 2511 1155 2559 diversitate
1178 2527 1353 2559 vocum
1375 2510 1426 2557 in
1447 2509 1671 2573 periculis
1694 2525 1797 2557 mo-

428 2594 635 2633 neantur
650 2595 708 2634 ut
721 2587 928 2649 fugiant,
944 2594 1206 2634 evocentur
1221 2586 1284 2633 ad
1299 2579 1504 2648 pastum,
1525 2584 1796 2632 excitentur

427 2660 489 2706 ad
526 2668 737 2720 cantum,
778 2661 1082 2708 solicitentur
1117 2661 1179 2708 ad
1217 2675 1461 2713 amorem3
1496 2675 1595 2706 non
1630 2666 1794 2706 tamen

426 2751 566 2782 voces
589 2736 683 2784 illae
721 2752 877 2784 sermo
903 2743 1031 2795 sunt,
1057 2753 1167 2784 eum
1190 2751 1288 2783 non
1310 2734 1558 2781 voluntate
1582 2732 1794 2795 ipsorum

427 2810 703 2859 constitutae
745 2811 858 2870 sint,
890 2811 973 2858 sed
998 2817 1252 2874 erumpant
1274 2809 1320 2857 vi
1344 2817 1531 2857 naturae
1555 2825 1583 2856 a
1601 2810 1796 2872 proprio
