2020 3262
375 275 446 308 DE
473 274 675 309 TRIBUS
704 272 1014 308 clvi'rA'rUM
1043 274 1363 310 SPECIEBUS.
1467 269 1563 311 245

173 385 346 435 civitas
369 386 678 446 dissolvatur,
702 385 934 433 nimirum
956 385 1034 433 vel
1065 386 1327 434 statuendo
1362 387 1492 435 diem
1516 395 1573 435 et·
1605 413 1733 445 SECT,
1755 414 1825 446 111,

172 462 337 510 locum
371 470 576 521 certum,
602 478 698 525 quo
731 460 875 518 cives,
901 460 985 523 qui
1007 461 1268 520 voluerint,
1306 463 1567 510 convenire
1701 464 1731 496 ⁷·

172 539 377 601 possint,
401 539 479 586 vel
503 552 833 586 successorem
850 536 954 600 ipse
972 536 1290 595 nominando,
1308 545 1458 600 prout
1475 538 1567 585 sibi
1585 557 1631 586 ne
1644 557 1813 586 monarchis

172 613 238 661 ad
261 613 442 662 civium
465 629 774 662 communem
797 612 1061 661 utilitatem
1084 612 1358 661 conducere
1381 612 1570 661 videbi-
1586 602 1623 630 ω
1635 605 1762 639 tempu*

172 695 270 737 tur.
340 690 388 738 Is
412 690 580 754 igitur,
607 688 691 753 qui
726 705 957 736 summam
983 694 1294 753 potestatem
1331 704 1422 752 pro
1446 696 1571 736 tem-

170 780 290 828 pore
307 766 422 814 vitae
439 765 643 829 accepit,
664 781 721 813 eo
745 763 892 813 modo
912 781 1008 828 quo
1030 764 1217 812 dictum
1235 772 1325 823 est,
1350 764 1571 812 absolute

173 855 282 888 eam
305 841 469 901 habet,
494 850 545 890 et
567 849 732 905 potest
756 841 1015 904 disponere
1039 840 1100 888 de
1124 841 1447 889 successione.
1485 839 1572 887 Se-

171 916 351 976 cundo,
376 917 416 965 si
440 925 655 980 ponatur
679 916 903 981 populus
927 917 988 964 ab
1020 916 1258 964 electione
1293 916 1572 964 monarchae

172 993 472 1057 temporarii
494 993 564 1040 ita
581 992 874 1051 discessisse,
890 1000 947 1041 ut
963 992 1215 1040 decretum
1231 992 1368 1056 prius
1385 992 1572 1040 factum

172 1067 237 1116 sit
274 1067 334 1116 de
358 1068 693 1116 conveniendo
718 1068 782 1116 ad
817 1068 947 1115 diem
977 1075 1027 1116 et
1048 1068 1212 1116 locum
1245 1074 1435 1116 certum
1457 1076 1576 1131 post

170 1151 381 1192 mortem
404 1144 509 1207 ejus
532 1165 544 1200 ;
580 1151 700 1192 tunc
723 1151 920 1192 mortuo
939 1144 1222 1204 monarcha,
1239 1143 1574 1192 consolidatur

170 1219 428 1283 imperium
456 1220 508 1268 in
532 1220 744 1285 populo,
769 1220 904 1268 nullo
942 1236 1070 1269 novo
1107 1229 1223 1268 actu
1258 1220 1454 1279 civium,
1487 1219 1575 1268 sed

20 1294 21 1299 ’
167 1296 278 1359 jure
317 1295 496 1359 priore.
560 1296 686 1344 Toto
710 1296 841 1343 enim
877 1296 1040 1344 medio
1078 1303 1316 1360 tempore,
1341 1312 1576 1344 summum

0 1379 17 1434 f}
169 1370 443 1436 imperium,
474 1378 529 1419 ut
549 1371 827 1430 dominium,
842 1371 893 1419 in
907 1371 1102 1437 populo
1121 1379 1248 1427 erat;
1278 1387 1396 1419 usus
1410 1379 1581 1420 autem>

170 1446 272 1495 sive
296 1447 591 1496 exercitium
616 1449 720 1512 ejus
753 1455 949 1496 tantum
985 1448 1036 1496 in
1073 1447 1348 1496 monarcha
1388 1453 1581 1512 tempo--

0 1526 23 1584 gi*
167 1523 329 1582 rari0,
353 1532 410 1573 ut
431 1524 827 1589 usiffructuaria
899 1524 1048 1579 Quod
1087 1524 1127 1572 si
1153 1523 1392 1590 populus,
1418 1523 1574 1571 electo

167 1601 439 1649 monarcha
474 1601 796 1666 temporari0‚
833 1601 904 1649 ita
940 1600 1218 1649 discesserit
1263 1616 1290 1648 e
1328 1599 1481 1658 curia,
1517 1606 1576 1647 ut

172 1681 400 1740 tempora
428 1683 478 1724 et
510 1677 620 1724 loca
659 1683 795 1725 certa
832 1676 1159 1725 conveniendi
1193 1675 1455 1724 habiturus
1497 1675 1575 1734 sit,

175 1751 384 1800 durante
425 1753 637 1800 termino
676 1753 747 1800 illi
786 1752 1076 1816 praescripto
1098 1773 1110 1808 ;
1162 1750 1578 1815 quemadmodum

174 1828 307 1891 apud
319 1829 555 1892 populum
578 1829 856 1877 Romanum
869 1829 988 1876 facti
1007 1835 1122 1877 sunt
1136 1829 1253 1876 olim
1268 1828 1550 1876 dictatores
1558 1846 1578 1883 ;

171 1920 275 1953 non
297 1904 550 1952 habendus
574 1912 650 1953 est
672 1905 784 1952 talis
817 1920 908 1968 pro
938 1903 1224 1963 monarcha,
1250 1903 1337 1952 sed
1359 1919 1451 1967 pro
1476 1903 1579 1967 pri-

173 1996 255 2028 mo
278 1980 449 2044 populi
464 1981 706 2040 ministro,
721 1987 981 2044 potestque
986 1979 1228 2045 populus,
1248 1979 1290 2028 si
1311 1979 1576 2035 videbitur,

174 2072 287 2104 eum
310 2056 734 2105 administratione
766 2072 856 2104 sua
890 2056 1101 2120 privare,
1137 2055 1287 2104 etiam
1314 2062 1429 2103 ante
1452 2063 1579 2103 tem-

0 2191 2 2200 !
172 2149 289 2197 pus3
313 2140 370 2181 ut
384 2132 503 2181 fecit
516 2132 726 2197 populus
737 2133 1001 2191 Romanus,
1013 2132 1097 2195 qui
1112 2132 1325 2180 Minutio
1335 2130 1576 2195 Magistro

0 2212 22 2283 ²}
173 2209 397 2273 equitum
441 2210 679 2272 aequalem
728 2209 863 2257 dedit
908 2215 1205 2273 potestatem
1240 2224 1353 2256 cum
1389 2208 1578 2257 Quinto

0 2286 21 2347 3]
174 2286 324 2334 Fabio
377 2286 613 2344 Maximo,
664 2302 809 2349 quem
861 2292 977 2333 ante
1027 2285 1215 2333 fecerat
1267 2284 1576 2332 dictatorem.

0 2358 10 2383 ³
175 2362 320 2410 Ratio
345 2363 483 2426 cujus
498 2363 569 2410 rei
588 2378 646 2410 ea
665 2369 755 2420 est,
772 2361 906 2425 quod
929 2360 1137 2424 cogitari
1154 2376 1253 2408 non
1277 2367 1441 2423 potest
1465 2375 1579 2407 eum

175 2437 276 2486 sive
299 2439 565 2497 hominem,
582 2439 682 2486 sive
708 2445 908 2497 coetum,
925 2438 1008 2501 qui
1031 2437 1083 2484 in
1106 2437 1331 2500 potentia
1353 2436 1580 2500 proxima

175 2521 226 2562 et
244 2515 529 2563 immediata
543 2522 617 2563 est
631 2515 695 2562 ad
709 2513 972 2578 agendum,
989 2514 1061 2561 ita
1073 2513 1334 2577 imperium
1350 2513 1578 2572 retinere,

173 2598 231 2639 ut
252 2607 354 2640 non
375 2591 533 2655 possit
555 2600 670 2639 actu
694 2591 951 2653 imperare.
1010 2590 1277 2653 Imperium
1302 2589 1434 2636 enim
1456 2589 1580 2638 nihil

175 2666 310 2715 aliud
333 2675 423 2727 est,
450 2684 598 2731 quam
617 2668 698 2730 jus
722 2665 995 2729 imperandi
1020 2666 1213 2729 quoties
1238 2681 1327 2728 per
1350 2673 1580 2714 naturam

174 2752 406 2816 possibile
431 2760 521 2801 est.
593 2753 861 2809 Postremo,
887 2750 927 2798 si
945 2749 1183 2814 populus,
1210 2749 1458 2797 declarato
1484 2766 1582 2797 mo-

175 2827 368 2876 narcha
394 2827 715 2893 temporario,
739 2829 810 2875 ita
834 2825 1052 2874 discedat
1084 2841 1114 2873 a
1138 2825 1288 2883 curia,
1312 2832 1369 2872 ut
1392 2825 1582 2888 injussu

177 2902 412 2952 declarati
430 2920 532 2953 non
557 2904 620 2953 sit
643 2903 832 2952 licitum
855 2903 1034 2951 iterum
1051 2901 1329 2960 convenire,
1349 2901 1581 2966 intelligi-
