2020 3262
217 358 342 391 SECT.
363 359 412 390 11.

298 410 346 440 13.

186 2067 215 2096 A
227 2069 447 2098 consuetudine:

474 218 561 259 112
1026 229 1096 262 DE
1124 229 1362 263 HOMINE.

467 352 633 384 eorum
658 337 740 400 qui
763 338 1015 402 inceptum
1039 356 1311 387 sermonem
1334 340 1472 386 finire
1496 355 1593 387 non
1615 347 1834 402 possunt,

466 413 662 461 abducti
678 415 1050 477 cogitationibus
1069 431 1098 462 a
1113 415 1361 478 proposito
1381 415 1563 462 alienis,
1614 415 1835 464 Tarditas

467 495 654 547 contra,
687 489 727 536 si
766 490 965 536 modum
1004 490 1222 548 excedat,
1248 490 1424 537 desinit
1457 490 1508 537 in
1539 489 1682 537 aliam
1718 490 1836 538 stul-

466 563 587 611 titiae
611 564 833 626 speciem,
860 564 942 627 qui
965 572 1038 611 est
1062 572 1245 627 stupor.

534 638 680 687 Quod
714 638 889 686 dicitur
911 639 1072 702 vulgo,
1097 656 1232 687 senes
1266 639 1460 703 ingenio
1496 655 1598 686 esse
1633 638 1696 686 ad
1720 639 1838 687 divi-

466 713 558 760 tias
590 713 732 760 nimis
756 720 961 772 attento,
985 730 1153 762 verum
1176 731 1275 762 non
1302 722 1388 762 est.
1458 714 1586 761 Nam
1610 714 1740 777 quod
1763 729 1837 762 se-

466 803 583 834 num
605 804 782 849 magna
794 804 905 851 pars
925 788 1129 846 divitias,
1148 789 1319 851 quibus
1343 789 1540 836 minime
1554 789 1689 836 usuri
1707 797 1835 848 sunt,

467 878 692 909 acervare
717 863 887 920 solent,
905 879 1004 910 non
1019 863 1069 910 id
1086 863 1269 910 faciunt
1288 880 1346 910 ex
1364 864 1558 926 ingenio
1580 863 1731 922 senili,
1751 863 1837 911 sed

467 953 526 983 ex
564 937 723 984 studio
762 945 1024 1000 perpetuo3
1060 954 1173 985 nam
1211 946 1324 986 ante
1365 945 1663 986 senectutem
1707 938 1836 986 idem

466 1019 570 1059 erat
594 1011 821 1070 studium,
841 1028 1013 1074 nempe
1037 1021 1108 1070 ut,
1135 1013 1430 1075 experiundo
1461 1029 1708 1076 quousque
1723 1029 1837 1076 pru-

468 1087 632 1134 dentia
655 1103 742 1134 sua
764 1094 812 1134 et
834 1087 1028 1149 ingenio
1053 1088 1103 1134 in
1126 1088 1431 1150 acquirendis
1465 1089 1643 1136 divitiis
1666 1104 1836 1151 proce-

468 1161 581 1208 dere
605 1170 823 1224 possunt,
850 1163 1040 1209 sibimet
1063 1163 1179 1225 ipsis
1197 1173 1393 1226 possent
1417 1163 1722 1226 applaudere,
1745 1179 1836 1211 nec

467 1243 522 1283 ut
547 1237 727 1283 divitiis
750 1236 858 1294 illis,
885 1237 970 1284 sed
991 1238 1251 1299 prudentia
1275 1254 1362 1285 sua
1383 1239 1480 1285 frui
1501 1245 1715 1301 possent,
1741 1255 1837 1302 qua

465 1313 570 1360 illas
612 1311 972 1376 congesserunt.
1042 1314 1213 1376 Neque
1247 1314 1340 1361 hoc
1373 1314 1549 1361 mirum
1578 1313 1731 1360 videri
1755 1313 1837 1361 de-

465 1388 575 1442 bet;
601 1404 713 1434 nam
733 1395 781 1435 et
805 1388 887 1450 qui
904 1388 1055 1435 literis
1081 1388 1291 1446 student,
1310 1396 1491 1451 quanto
1516 1395 1658 1435 aetate
1681 1389 1836 1452 magis

464 1462 796 1525 provehuntur
835 1469 972 1510 tanto
1007 1464 1161 1526 magis
1199 1464 1451 1510 scientiam
1490 1479 1667 1526 augere
1706 1463 1836 1511 soliti

466 1544 593 1596 sunt,
613 1545 885 1600 spectantes
908 1537 1055 1584 animi
1074 1538 1148 1584 sui
1164 1538 1394 1584 virtutem
1417 1538 1468 1584 in
1492 1538 1708 1597 scientia,
1727 1545 1835 1586 tan-

466 1628 612 1675 quam
635 1612 684 1659 in
701 1612 910 1675 speculo.
964 1609 1186 1676 Denique
1211 1629 1375 1660 omnes
1395 1613 1685 1673 institutum,
1705 1614 1837 1677 quod

465 1687 712 1750 elegerint,
745 1695 802 1735 ut
820 1688 1223 1750 jucundissimum
1255 1704 1408 1751 usque
1443 1688 1506 1736 ad
1539 1695 1835 1736 senectutem

465 1778 636 1809 ornare
678 1769 728 1809 et
765 1762 985 1809 excolere
1021 1763 1178 1810 solent
1210 1771 1446 1825 quantum
1475 1763 1668 1818 valent3
1705 1771 1754 1811 et
1783 1763 1836 1811 in

465 1843 712 1884 senectute
735 1837 959 1895 maxime,
975 1853 1075 1884 non
1099 1837 1211 1899 quia
1235 1837 1462 1896 seniores,
1479 1837 1564 1885 sed
1588 1838 1703 1901 quia
1724 1853 1836 1901 pro-

462 1912 683 1959 fecerunt
716 1912 885 1975 magis,
910 1928 1044 1959 more
1077 1928 1244 1959 earum
1282 1928 1445 1959 rerum
1480 1929 1586 1975 quae
1627 1929 1714 1960 sua
1750 1930 1835 1962 na-

462 1993 574 2033 tura
597 2003 691 2049 quo
714 1987 906 2049 longius
931 2003 987 2034 eo
1011 1987 1222 2034 velocius
1245 2003 1432 2051 semper
1454 1987 1688 2035 feruntur.

531 2068 575 2109 3.
611 2062 656 2108 A
674 2062 1046 2109 consuetudine:
1076 2070 1335 2125 propterea
1350 2063 1480 2126 quod
1497 2079 1604 2126 quae
1622 2079 1749 2110 nova
1764 2063 1835 2111 of-

463 2137 685 2195 fendunt,
710 2137 761 2184 id
796 2144 884 2196 est,
910 2138 1082 2200 quibus
1113 2138 1163 2184 in
1186 2139 1423 2201 principio
1458 2138 1638 2186 resistit
1660 2145 1836 2186 natura

462 2213 687 2271 hominis,
713 2212 882 2260 eadem
917 2213 1090 2276 saepius
1124 2214 1300 2261 iterata
1321 2220 1546 2261 naturam
1570 2212 1832 2275 subigunt3

465 2294 514 2334 et
534 2288 691 2350 primo
707 2287 902 2350 quidem
916 2288 1042 2335 ferre
1058 2304 1124 2347 se,
1145 2305 1259 2336 mox
1278 2297 1438 2336 autem
1453 2303 1613 2336 amare
1636 2294 1832 2351 cogunt.

464 2363 522 2410 Id
546 2363 677 2426 quod
699 2364 749 2410 in
764 2363 998 2426 regimine
1023 2364 1238 2426 corporis
1253 2364 1475 2422 maxime,
1494 2362 1667 2411 deinde
1686 2363 1834 2411 etiam

462 2439 514 2485 in
560 2438 919 2501 operationibus
961 2439 1109 2486 animi
1139 2439 1444 2502 perspicuum
1491 2446 1579 2488 est.
1661 2438 1834 2501 Itaque

461 2514 574 2561 vino
590 2515 649 2561 ab
669 2513 992 2561 adolescentia
1006 2514 1198 2573 assueti,
1213 2514 1344 2561 haud
1359 2513 1498 2561 facile
1515 2513 1803 2560 desuescunt
1819 2532 1831 2567 ;

463 2595 512 2635 et
535 2588 840 2651 opinionibus
864 2588 1230 2651 quibuscunque
1254 2605 1283 2636 a
1312 2588 1519 2650 pueritia
1540 2587 1727 2645 imbuti,
1752 2603 1833 2634 eas

462 2664 745 2726 plerumque
776 2663 990 2710 retinent
1014 2663 1162 2710 etiam
1191 2663 1242 2710 in
1267 2668 1530 2720 senectute,
1564 2661 1834 2724 praesertim

462 2738 679 2785 homines
699 2737 781 2800 qui
803 2754 917 2796 non,
938 2738 1029 2785 nisi
1047 2738 1098 2784 in
1121 2738 1267 2785 rebus
1284 2737 1635 2800 pertinentibus
1654 2736 1716 2784 ad
1729 2752 1834 2785 rem

463 2813 763 2871 familiarem,
781 2812 840 2859 de
854 2828 969 2860 vero
985 2819 1033 2860 et
1047 2812 1167 2860 falso
1182 2827 1476 2875 magnopere
1497 2811 1687 2859 solliciti
1703 2819 1830 2860 sunt.
