1968 3256
162 379 290 412 SECT.
317 380 367 414 11.

415 240 476 284 34
926 252 996 286 DE
1024 252 1265 286 HOMINE.

417 359 659 419 (secundae
693 361 881 423 figurae)
903 363 1105 425 trapezii
1139 363 1267 410 linea
1305 361 1574 424 diagonalis
1613 376 1790 424 reprae-

421 435 631 483 sentabit
667 435 712 484 A
728 436 767 484 C
802 436 1106 500 diagonalem
1142 439 1313 501 figurae
1348 437 1534 501 primae.
1603 436 1792 485 Deinde

419 509 573 559 divisa
607 510 652 558 A
668 512 708 560 B
745 511 991 574 (secundae
1027 514 1218 576 figurae)
1262 514 1314 561 in
1353 520 1516 576 partes
1555 511 1794 575 quotlibet

419 586 645 649 aequales,
669 596 791 650 puta
815 595 1040 651 quatuor,
1066 602 1272 651 quarum
1296 589 1404 636 duae
1428 588 1527 636 sint
1549 587 1591 635 G
1607 587 1655 646 S,
1683 587 1715 634 S
1735 587 1791 646 B,

328 653 389 681 ΠΥ·
417 669 467 710 et
492 661 537 709 D
555 661 594 710 C
617 662 669 710 in
707 662 912 710 totidem
949 669 1112 726 partes
1153 663 1301 712 etiam
1337 664 1561 726 aequales,
1588 677 1794 725 quarum

416 737 525 786 duae
548 738 646 786 sint
670 730 692 785 I
712 738 777 796 Η,
803 738 852 785 Η
875 738 928 797 C,
946 745 997 786 et
1014 739 1288 802 conjunctis
1307 738 1525 786 terminis
1544 737 1792 785 divisionis

413 829 503 877 per
540 814 691 862 lineas
726 821 901 874 rectas,
927 830 997 862 eae
1031 821 1180 862 rectae
1218 816 1452 862 secabunt
1487 813 1793 877 diagonalem

412 888 457 935 A
474 888 527 936 C.
597 889 688 936 Per
726 894 910 951 puncta
942 896 1108 936 autem
1131 889 1530 937 intersectionum
1554 889 1794 936 ducantur

413 970 561 1011 rectae
601 963 648 1012 Q
663 964 722 1022 R,
754 964 796 1011 Ο
818 964 869 1022 Ρ,
901 963 955 1013 Μ
972 964 1018 1012 Ν
1055 964 1251 1012 basibus
1287 964 1544 1027 parallelae.
1621 964 1793 1026 Itaque

414 1038 460 1085 A
470 1038 618 1087 QRB
646 1039 917 1101 trapezium
935 1039 1304 1102 repraesentabit
1320 1039 1658 1102 rectangulum
1672 1039 1791 1096 AR;

415 1120 464 1163 et
490 1115 761 1177 trapezium
787 1115 834 1164 Q
851 1115 894 1162 O
914 1114 951 1162 P
965 1115 1010 1162 R
1032 1115 1372 1178 rectangulum
1391 1115 1439 1163 Q
1456 1115 1493 1162 Ρ
1512 1136 1524 1170 ;
1561 1121 1610 1161 et
1632 1122 1793 1178 trape-

414 1189 542 1237 zium
569 1191 611 1238 Ο
627 1191 674 1239 N
698 1191 1037 1254 rectangulum
1055 1191 1097 1238 O
1118 1191 1165 1238 Ν
1183 1212 1194 1246 ;
1231 1198 1280 1238 et
1300 1191 1507 1254 denique
1524 1190 1794 1254 trapezium

414 1265 471 1312 M
488 1266 527 1313 C
550 1267 889 1330 rectangulum
913 1267 966 1315 M
985 1267 1038 1315 C.
1092 1267 1220 1314 Nam
1244 1267 1371 1314 sicut
1393 1266 1439 1313 A
1458 1266 1496 1313 C
1523 1272 1656 1314 secat
1674 1265 1729 1313 M
1745 1265 1792 1313 N

418 1340 610 1403 (figurae
632 1342 822 1404 primae)
862 1342 914 1390 in
937 1350 1100 1405 partes
1136 1359 1244 1405 quae
1281 1342 1464 1390 habent
1498 1341 1738 1389 rationem
1762 1347 1792 1389 3

413 1415 477 1463 ad
505 1422 546 1474 1,
571 1417 642 1464 ita
657 1418 703 1465 A
718 1418 757 1465 C
785 1417 1033 1480 (secundae
1055 1418 1246 1482 figurae)
1267 1426 1401 1466 secat
1418 1418 1473 1465 M
1488 1418 1535 1465 N
1554 1418 1605 1466 in
1624 1417 1794 1466 eadem

412 1492 573 1554 figura
589 1492 641 1539 in
659 1493 850 1540 ratione
876 1500 905 1541 3
929 1494 992 1541 ad
1022 1501 1062 1542 1.
1121 1495 1184 1541 Et
1208 1494 1275 1541 sic
1301 1494 1360 1541 de
1385 1493 1587 1541 caeteris.
1649 1491 1795 1542 Quod

419 1567 460 1614 si
485 1567 690 1615 eandem
724 1569 964 1616 rationem
1002 1569 1340 1617 distantiarum
1364 1569 1648 1616 continuare
1686 1568 1794 1630 quis

412 1642 621 1690 voluerit
649 1658 817 1691 versus
852 1644 1087 1691 verticem
1126 1645 1178 1703 F,
1216 1645 1284 1692 sic
1319 1644 1479 1692 faciet.
1548 1644 1794 1707 Jungatur

415 1717 460 1764 A
477 1718 542 1777 H,
568 1726 618 1766 et
639 1719 938 1781 producatur
960 1720 1024 1767 ad
1047 1720 1087 1767 B
1104 1720 1140 1767 F
1179 1720 1231 1766 in
1266 1721 1323 1778 E,
1360 1720 1663 1782 ducaturque
1697 1721 1737 1767 E
1754 1720 1794 1767 L

417 1794 649 1856 parallela
684 1795 791 1843 basi
813 1795 859 1842 A
874 1795 931 1853 B,
957 1811 1125 1843 secans
1148 1796 1245 1843 AF
1267 1795 1318 1842 in
1337 1796 1391 1854 L,
1417 1795 1604 1858 eritque
1635 1803 1796 1859 trape-

418 1869 547 1917 zium
582 1870 622 1917 E
639 1870 679 1918 L
693 1871 738 1918 D
758 1871 797 1918 C
831 1871 1196 1934 repraesentatio
1237 1872 1508 1934 rectanguli
1535 1871 1793 1930 ulterioris,

420 1944 651 1993 nimirum
677 1948 815 2009 cujus
839 1947 966 1995 latus
991 1947 1119 1996 oculi
1141 1947 1416 2010 proximum
1440 1953 1513 1995 est
1535 1947 1575 1994 L
1591 1946 1652 2005 D,
1677 1947 1795 1995 alte-

416 2036 525 2068 rum
549 2021 677 2069 latus
701 2022 860 2085 ipsum
884 2022 938 2070 M
954 2022 1014 2081 D,
1038 2022 1116 2070 vel
1139 2022 1187 2070 N
1205 2022 1242 2068 C
1274 2022 1463 2084 (figurae
1485 2021 1694 2084 primae).
1718 2022 1794 2069 ‚Et

418 2095 487 2142 sic
504 2103 665 2159 potest
681 2097 956 2145 continuari
970 2097 1138 2146 tabula
1148 2113 1316 2144 versus
1331 2097 1562 2145 verticem
1585 2097 1623 2143 F
1641 2113 1794 2159 quan-

415 2177 521 2219 tum
544 2173 780 2222 volumus.
852 2173 950 2222 Sed
972 2180 1028 2221 ut
1063 2173 1362 2236 compleatur
1383 2172 1678 2235 impossibile
1703 2179 1792 2231 est,

416 2248 647 2309 quoniam
669 2256 838 2296 vertex
862 2249 899 2295 F
921 2256 1243 2312 repraesentat,
1271 2249 1450 2296 lineam
1480 2248 1531 2295 in
1563 2248 1794 2296 distantia

409 2322 661 2387 incognita
684 2324 984 2372 collocatam.
1053 2325 1082 2372 J
1086 2341 1164 2372 am
1186 2324 1456 2387 trapezium
1478 2324 1588 2382 hoc,
1612 2331 1669 2371 ut
1692 2323 1791 2370 dic-

414 2405 521 2445 tum
544 2405 632 2457 est,
659 2399 869 2447 divisum
891 2399 1158 2447 secundum
1191 2400 1402 2447 rationes
1437 2398 1791 2457 distantiarum,

415 2490 531 2536 quas
554 2476 738 2523 habent
761 2476 822 2523 ab
847 2476 986 2523 oculo
1011 2476 1188 2538 objecti
1202 2482 1364 2538 partes
1380 2490 1469 2537 per
1484 2481 1642 2521 rectas
1669 2474 1716 2522 Q
1730 2474 1790 2533 R,

416 2550 458 2597 Ο
476 2550 529 2608 P,
553 2551 607 2598 M
623 2551 687 2610 N,
712 2551 756 2599 D
777 2551 816 2599 C
857 2552 1084 2615 aliasque,
1110 2551 1151 2598 si
1186 2551 1360 2614 placet,
1398 2549 1652 2597 ulteriores
1687 2549 1792 2597 basi

413 2626 683 2687 parallelas,
725 2627 1010 2675 memoriam
1045 2626 1261 2690 porticus
1303 2641 1447 2688 quam
1476 2631 1792 2687 repraesentat

409 2701 744 2750 vehementius
777 2702 957 2749 excitat
995 2717 1139 2764 quam
1173 2701 1461 2755 indivisum3
1498 2700 1611 2762 quia
1632 2700 1791 2762 paral-

408 2775 514 2823 lelae
540 2776 634 2824 illae
659 2793 746 2825 sua
770 2778 1004 2826 continua
1027 2777 1360 2834 diminutione,
1387 2791 1493 2839 quae
1518 2775 1685 2823 similis
1717 2781 1791 2824 est

413 2851 723 2901 diminutioni
747 2854 1026 2916 apparentis
1047 2853 1239 2916 objecti,
1259 2868 1367 2915 quae
1389 2852 1447 2900 fit
1469 2863 1499 2900 a
1519 2851 1789 2905 remotione

1955 76 1957 81 ,
1950 39 1961 67 ny„
1946 0 1961 28 -gff
