2020 3262
226 361 355 394 SECT.
375 363 445 395 111.

242 457 433 481 b—-r-ae

201 497 334 526 nationes
348 508 430 527 occu-

200 542 299 576 pante,
312 541 440 571 instituit

202 583 284 611 Deus
301 593 353 620 per

201 625 411 657 Abrahamum.

194 2152 284 2181 Paeto
305 2153 381 2181 inter

194 2196 290 2223 Deum
304 2199 332 2224 et
345 2196 421 2224 Ada-

193 2247 283 2273 mum,
295 2239 440 2276 prohibita

193 2284 237 2309 est
250 2282 408 2319 disputatio

194 2325 230 2352 de
242 2325 388 2353 mandatis

191 2368 380 2405 superiorum.

492 223 587 266 352
1057 238 1302 272 RELIGIO.

487 352 728 407 metuunt,
759 348 1021 397 sentientes
1055 366 1156 398 non
1186 366 1290 398 esse
1332 350 1423 398 sibi
1461 350 1578 398 satis
1615 350 1783 400 tutelae
1798 359 1801 361 ’
1818 351 1871 400 in

488 420 672 484 seipsis.
744 422 1001 482 Caeterum,
1026 433 1082 472 ut
1119 441 1229 472 eum
1262 433 1394 472 recte
1427 425 1656 484 colerent,
1693 426 1871 490 imper·-

486 495 644 545 feetus
666 514 780 546 usus
804 500 1006 547 rationis
1031 507 1081 547 et
1104 502 1366 548 affectuum
1390 501 1700 549 vehementia
1722 501 1872 550 obsti-

486 577 606 619 tere.
676 573 842 622 Metus
879 583 1044 622 autem
1076 575 1405 634 invisibilium,
1439 575 1634 638 quando
1671 592 1702 623 a
1735 583 1874 625 reeta

484 647 673 694 ratione
698 656 964 711 separatur,
991 650 1271 712 superstitio
1296 658 1385 697 est.
1457 650 1751 698 Hominibus
1775 651 1870 699 ita-
1906 678 1910 682 -

484 737 595 783 que,
631 723 733 770 sine
757 724 952 786 speciali
985 725 1076 771 Dei
1100 725 1296 783 auxilio,
1321 732 1581 788 utrumque
1617 725 1870 789 scopulum

482 797 694 860 effugere
732 799 1022 847 atheismum
1065 807 1114 848 et
1149 800 1570 864 superstitionem,
1594 816 1719 864 pene
1757 809 1864 849 erat

481 871 780 934 impossibile
803 893 813 920 ε
851 874 956 921 haee
992 875 1120 921 enim
1145 891 1175 921 a
1197 881 1333 921 metu
1365 875 1468 922 sine
1499 883 1636 922 recta
1659 875 1866 934 ratione,

482 946 563 993 ille
605 963 634 994 a
673 948 889 995 rationis
930 950 1162 1014 opinione
1203 950 1306 997 sine
1351 957 1486 998 metu
1524 951 1866 1014 proficiscitur.

480 1022 746 1070 Maximam
769 1024 934 1087 itaque
957 1032 1146 1088 partem
1170 1025 1423 1072 hominum
1441 1025 1583 1073 facile
1608 1026 1867 1089 occupavit

480 1097 776 1145 idololatria
792 1117 811 1153 ,·
847 1107 896 1146 et
916 1100 1170 1147 coluerunt
1187 1101 1346 1147 Deum
1366 1117 1533 1148 omnes
1551 1117 1675 1164 pene
1693 1108 1866 1164 gentes

478 1173 567 1219 sub
604 1173 905 1237 imaginibus
937 1181 986 1222 et
1007 1175 1205 1239 figuris
1241 1191 1405 1223 rerum
1439 1176 1703 1235 finitarum,
1729 1192 1866 1240 spec-

477 1254 649 1310 traque
683 1248 782 1295 sive
822 1249 1178 1311 phantasmata,
1203 1250 1330 1298 forte
1361 1266 1421 1297 ex
1456 1258 1591 1298 metu
1623 1251 1866 1300 daemonia

476 1323 793 1384 appellantes,
811 1324 1020 1371 coluere.
1075 1325 1263 1372 Placuit
1287 1333 1451 1372 autem
1470 1326 1662 1374 Divinae
1681 1327 1864 1389 MaJes-

476 1398 584 1456 tati,
608 1405 665 1444 ut
689 1397 740 1444 in
765 1398 983 1446 Historia
1008 1399 1157 1446 Sacra
1181 1399 1416 1462 scriptum
1447 1400 1667 1463 legimus,
1693 1417 1754 1448 ex
1776 1416 1862 1464 ge-

476 1488 594 1520 nere
616 1473 830 1521 humano
848 1490 1016 1533 unum,
1031 1490 1119 1537 per
1143 1490 1287 1536 quem
1310 1474 1374 1522 ad
1389 1491 1560 1522 verum
1583 1476 1658 1523 sui
1675 1475 1863 1523 cultum

475 1547 695 1596 homines
734 1549 1041 1612 perduceret,
1072 1565 1274 1597 evocare
1297 1549 1662 1606 Abrahamum3
1698 1550 1768 1598 illi
1808 1566 1861 1599 se

477 1624 910 1686 supernaturaliter
932 1624 1175 1679 revelare3
1213 1630 1263 1671 et
1286 1640 1398 1672 cum
1432 1625 1515 1673 illo
1553 1633 1699 1689 atque
1733 1625 1862 1674 illius

477 1699 659 1746 semine
683 1699 1053 1747 celeberrimum
1093 1699 1215 1747 illud
1237 1699 1360 1746 inire
1383 1694 1597 1763 paetum,
1623 1700 1754 1764 quod
1776 1717 1862 1764 ap-

474 1774 686 1836 pellatur
714 1782 939 1839 paetum,
965 1782 1014 1823 et
1031 1775 1232 1839 foeda-5,
1264 1781 1314 1822 et
1343 1775 1707 1823 Testamentum
1729 1775 1860 1823 anti-

475 1866 634 1913 quum.
705 1851 752 1897 Is
777 1850 926 1913 igitur
952 1850 1199 1913 religionis
1224 1866 1351 1897 verae
1376 1856 1522 1913 caput
1545 1857 1646 1905 est;
1681 1850 1722 1898 is
1756 1849 1861 1910 (Jo-

475 1925 612 1986 sephi
630 1924 799 1988 Antiq.
824 1925 937 1972 Jud.
953 1925 1036 1972 lib.
1058 1940 1094 1972 1.
1113 1941 1217 1988 cap.
1235 1924 1302 1987 7.)
1322 1931 1445 1989 post
1464 1924 1700 1972 diluvium
1716 1942 1860 1973 unum

476 2015 585 2046 esse
618 1999 778 2047 Deum
803 2007 1079 2048 creatorem
1105 2000 1323 2048 universi
1351 2000 1550 2064 primus
1575 2000 1772 2048 docuit:
1808 2007 1861 2048 et

475 2075 536 2121 ab
561 2091 618 2122 eo
641 2090 848 2138 regnum
870 2074 971 2122 Dei
985 2092 1088 2140 per
1102 2082 1266 2140 pacta
1289 2075 1482 2122 initium
1507 2075 1669 2123 sumit.

540 2156 587 2197 2.
624 2150 770 2197 Initio
800 2150 970 2197 mundi
1006 2151 1230 2214 regnavit
1255 2150 1450 2213 quidem
1485 2150 1631 2209 DeuS,
1654 2166 1754 2198 non
1777 2165 1854 2198 so-

481 2224 583 2272 lum
607 2226 910 2284 naturaliter,
933 2226 1019 2273 sed
1039 2226 1185 2273 etiam
1208 2242 1296 2289 per
1309 2232 1532 2290 paetum,
1558 2241 1702 2288 super
1723 2225 1857 2273 Ada-

475 2316 610 2347 mum
634 2307 682 2347 et
706 2301 855 2349 Evam
879 2321 890 2355 ;
925 2307 983 2348 ut
1004 2301 1229 2348 videatur
1251 2301 1435 2348 nullam
1457 2301 1663 2348 voluisse
1686 2300 1854 2348 obedi-

475 2376 659 2423 entiam
695 2376 915 2439 praestari
950 2376 1056 2435 sibi,
1079 2383 1259 2439 praeter
1299 2376 1431 2423 illam
1466 2392 1611 2439 quam
1647 2375 1858 2423 dictaret

474 2452 599 2499 ratio
624 2451 875 2510 naturalis,
894 2452 988 2499 nisi
1008 2467 1111 2516 per
1131 2458 1348 2516 paetum,
1372 2451 1424 2498 id
1446 2458 1533 2510 est,
1559 2466 1618 2497 ex
1639 2450 1854 2513 ipsorum

473 2527 726 2574 hominum
758 2543 1013 2574 consensu.
1085 2527 1330 2575 Quoniam
1353 2535 1514 2574 autem
1529 2531 1737 2590 paetum
1759 2526 1853 2574 hoc

473 2603 636 2650 statim
671 2602 865 2650 irritum
888 2603 1073 2650 factum
1097 2609 1184 2661 est,
1217 2617 1375 2664 neque
1408 2616 1623 2663 unquam
1643 2607 1754 2662 post
1777 2617 1854 2648 re-

472 2686 719 2736 novatum,
744 2694 844 2725 non
876 2687 951 2725 est
985 2677 1099 2724 inde
1123 2677 1271 2741 regni
1294 2676 1401 2734 Dei,
1426 2676 1485 2723 de
1509 2691 1603 2738 quo
1627 2675 1720 2722 hoc
1743 2676 1853 2724 loco

473 2752 675 2814 agimus,
709 2752 994 2800 deducenda
1026 2753 1178 2815 origo.
1250 2753 1360 2799 Hoc
1395 2759 1558 2798 tamen
1582 2751 1740 2798 obiter
1762 2767 1852 2800 no-

472 2827 689 2887 tandum,
713 2835 960 2891 praecepto
985 2828 1067 2876 illo
1092 2828 1152 2876 de
1170 2843 1270 2876 non
1285 2825 1582 2875 comedendo
1602 2826 1662 2874 de
1677 2827 1852 2876 arbore
