2020 3262
177 418 306 451 SECT.
326 419 394 452 111.

190 516 204 528 ι
262 470 309 500 10.

172 776 306 815 Rejectio
318 779 375 816 opi-

171 821 267 848 nionis
280 831 380 850 eorum

172 864 224 900 qui
237 864 339 892 dicunt
352 866 399 893 do-

170 907 283 934 minum
309 917 377 936 cum

438 277 535 320 268
985 291 1287 326 IMPERIUM.

435 411 524 458 pro
548 411 601 443 re
624 396 804 460 iniqua,
829 399 912 446 ubi
943 400 1052 462 plus
1078 401 1227 448 habet
1263 402 1319 460 is,
1359 402 1437 449 cui
1476 402 1584 465 plus
1606 404 1822 455 volentes

437 470 672 520 dedimus.
743 474 1058 523 Incommoda
1080 477 1230 539 igitur
1254 493 1362 539 quae
1387 486 1657 540 sequuntur
1681 481 1823 528 unius

436 545 642 594 hominis
666 547 937 611 imperium,
962 559 1232 613 sequuntur
1256 552 1505 611 hominem,
1539 569 1637 601 non
1660 555 1824 604 unita-

435 627 546 668 tem.
582 622 857 670 Videndum
873 625 1022 687 igitur
1037 633 1126 684 θεῖ,
1142 633 1308 673 utrum
1326 627 1582 690 imperium
1599 629 1821 690 hominis,

435 711 499 743 an
522 696 777 756 hominum,
811 699 951 761 plura
974 700 1160 748 civibus
1185 701 1373 749 adferat
1396 702 1721 751 incommoda.

504 778 549 819 5.
587 772 683 819 Sed
705 773 916 835 primum
940 775 1215 822 amolienda
1250 783 1321 824 est
1359 778 1600 825 sententia
1637 794 1820 839 eorum,

437 847 520 909 qui
543 854 724 910 negant
747 849 944 897 omnino
969 850 1213 897 civitatem
1239 867 1356 910 esse,
1378 869 1485 916 quae
1505 854 1744 902 conflatur
1761 870 1822 903 ex

170 950 326 978 semim„
336 960 419 988 Posse
437 923 693 984 quantovis
716 939 918 972 numero
943 941 1191 973 servorum
1215 928 1302 974 sub
1341 929 1585 976 communi
1609 929 1819 979 domino.

169 998 232 1021 esse
263 993 417 1022 civitatem.

161 2521 338 2550 Exactiones

161 2565 306 2602 graviores
329 2575 390 2593 esse

162 2609 217 2636 sub
230 2608 337 2645 populo
354 2609 405 2636 im-

162 2655 288 2688 perante,
314 2661 401 2689 quam

160 2695 215 2722 sub
238 2695 404 2723 monarcha.

437 997 608 1059 Capite
642 999 829 1061 quinto,
854 1001 1060 1048 articulo
1084 1017 1229 1060 nono,
1257 1002 1485 1050 definitur
1510 1004 1691 1051 civitas
1715 1021 1821 1054 esse

424 1088 650 1136 persona
689 1090 787 1121 una
825 1075 956 1123 facta
996 1092 1055 1123 ex
1091 1077 1308 1139 pluribus
1345 1079 1639 1138 hominibUS‚
1680 1081 1820 1143 cujus

431 1148 670 1207 voluntas,
696 1165 755 1196 ex
791 1150 1009 1213 ipsorum
1042 1152 1213 1214 pactis,
1237 1169 1327 1215 pro
1362 1154 1578 1216 ipsorum
1602 1155 1819 1204 omnium

431 1223 761 1271 voluntatibus
784 1225 1009 1273 habenda
1033 1233 1120 1284 est,
1144 1235 1201 1274 ut
1239 1228 1541 1291 singulorum
1563 1230 1745 1279 viribus
1770 1239 1820 1280 et

429 1291 743 1347 facultatibus
783 1300 856 1347 uti
896 1302 1051 1363 possit
1091 1302 1153 1349 ad
1193 1320 1362 1366 pacem
1401 1312 1449 1352 et
1489 1305 1819 1355 defensionem

430 1389 753 1421 communem.
823 1375 1049 1424 Persona
1072 1386 1236 1425 autem
1260 1397 1357 1426 una
1382 1387 1469 1439 est,
1489 1397 1577 1443 per
1601 1382 1817 1444 ejusdem

431 1449 603 1510 capitis
637 1450 896 1497 articulum
933 1453 1156 1509 eundem,
1182 1455 1376 1516 quando
1411 1456 1622 1518 plurium
1645 1458 1817 1505 volun-

429 1530 554 1571 tates
591 1525 735 1571 unius
774 1526 1022 1574 voluntate
1061 1529 1388 1577 continentur.
1461 1531 1557 1579 Sed
1592 1533 1816 1581 voluntas

428 1598 810 1662 uniuscujusque
826 1602 951 1648 servi
975 1603 1253 1650 continetur
1279 1605 1331 1651 in
1345 1606 1597 1654 voluntate
1616 1607 1814 1668 domini,

428 1681 484 1721 ut
510 1683 758 1722 ostensum
783 1685 857 1724 est
894 1678 1066 1740 capitis
1091 1679 1251 1726 octavi
1288 1680 1493 1728 articulo
1525 1682 1712 1744 quinto,
1745 1683 1816 1731 ita

427 1755 484 1796 ut
520 1750 674 1811 possit
710 1766 877 1798 eorum
900 1752 1083 1800 viribus
1109 1760 1158 1800 et
1194 1753 1510 1803 facultatibus
1554 1757 1645 1815 uti,
1670 1763 1816 1820 prout

427 1825 651 1872 voluerit.
722 1826 953 1890 Sequitur
990 1844 1105 1890 ergo
1142 1828 1386 1876 civitatem
1415 1846 1517 1877 esse
1557 1847 1664 1893 quae
1700 1848 1816 1880 con-

428 1900 649 1947 stituitur
668 1917 727 1948 ex
751 1902 942 1949 domino
969 1910 1017 1950 et
1055 1904 1273 1966 pluribus
1293 1906 1467 1953 servis,
1537 1906 1709 1970 Neque
1731 1924 1816 1971 po-

427 1981 523 2022 test
545 1976 645 2023 ulla
667 1977 791 2024 ratio
815 1978 867 2024 in
891 1979 1188 2025 contrarium
1212 1979 1403 2039 adduci,
1424 1997 1531 2043 quae
1554 1998 1652 2030 non
1676 1998 1816 2045 aeque

426 2050 604 2098 militet
636 2059 808 2099 contra
854 2053 1100 2100 civitatem
1142 2055 1458 2103 constitutam
1498 2074 1527 2104 a
1562 2064 1722 2121 patre
1763 2064 1814 2106 et

428 2124 619 2174 liberis.
689 2127 818 2174 Nam
841 2129 972 2191 apud
996 2129 1251 2188 dominum,
1277 2131 1355 2178 cui
1387 2131 1536 2179 liberi
1558 2148 1656 2179 non
1681 2139 1811 2190 sunt,

426 2201 561 2247 Servi
597 2200 864 2249 liberorum
887 2204 1126 2251 rationem
1158 2206 1381 2254 subeunt.
1454 2208 1578 2254 Sunt
1610 2208 1738 2255 enim
1762 2215 1812 2255 et

425 2275 584 2323 honor
603 2283 651 2323 et
672 2277 953 2339 praesidium
974 2279 1076 2341 ejus
1095 2299 1105 2325 :
1143 2296 1300 2343 neque
1318 2282 1471 2345 magis
1491 2282 1812 2345 subjiciuntur

425 2351 559 2398 servi
600 2351 824 2411 dominiS,
868 2369 1014 2416 quam
1068 2354 1216 2402 liberi
1247 2356 1506 2420 patribus,
1562 2364 1620 2404 ut
1665 2373 1815 2421 supra

426 2433 674 2474 ostensum
699 2435 770 2475 est
790 2429 960 2491 capitis
981 2430 1139 2477 octavi
1163 2431 1367 2479 articulo
1392 2432 1576 2494 quinto.

492 2508 538 2550 6.
575 2503 710 2550 Inter
746 2503 1053 2552 incommoda
1089 2506 1279 2569 imperii
1317 2507 1492 2554 summi
1526 2523 1677 2554 unum
1719 2516 1808 2566 est,

426 2578 557 2639 quod
580 2578 823 2641 imperans
847 2587 1026 2642 praeter
1044 2582 1274 2644 pecunias
1289 2582 1351 2629 ad
1366 2590 1551 2630 sumtus
1569 2583 1805 2646 publicos,

425 2652 519 2700 hoc
557 2661 644 2712 est,
683 2654 746 2701 ad
782 2654 1029 2703 ministros
1066 2657 1283 2719 publicos
1330 2657 1542 2715 alendos,
1581 2658 1809 2721 praesidia

423 2729 711 2776 aedificanda
734 2736 782 2776 et
812 2730 1009 2790 tuenda,
1033 2732 1159 2778 bella
1180 2731 1408 2794 gerenda,
1451 2748 1554 2779 rem
1578 2732 1808 2781 domesti-

424 2819 529 2851 cam
573 2805 840 2852 honorifice
887 2807 1253 2854 sustentandam
1301 2807 1609 2865 necessarias‚
1651 2808 1807 2871 possit

424 2879 583 2939 etiam,
609 2881 648 2927 si
688 2880 817 2938 velit,
842 2881 958 2929 alias
989 2882 1181 2944 exigere
1211 2897 1298 2944 per
1328 2881 1593 2941 libidinem,
1629 2884 1805 2946 quibus
