2020 3262
237 263 309 298 mz
335 263 478 298 JURE
506 263 657 308 EJUS,
685 263 782 298 cm
811 263 1061 297 SUMMUM
1089 263 1397 298 IMPERIUM.
1451 254 1543 297 231

10 371 19 426 ¹,
90 373 95 376 ⁴
151 373 277 424 culis
295 381 297 383 ’
315 375 582 438 propositis
628 381 678 422 et
718 374 770 422 in
817 379 948 422 coetu
993 372 1190 436 agitatis
1235 374 1549 438 probatisque
1593 390 1720 429 ssscr.
1741 391 1810 423 111.

151 450 478 510 consentiant,
514 452 814 515 jubeantque
852 464 935 496 eos
976 448 1240 507 observari,
1281 466 1550 512 poenasque
1606 442 1796 511 s-fi--ae

148 525 463 590 praescriptas
487 525 548 574 de
582 526 642 574 iis
678 523 937 572 sumendas
973 539 1095 582 esse,
1122 524 1205 587 qui
1237 540 1320 572 eos
1343 524 1552 572 violave-

147 601 269 650 rint.
336 601 417 649 Ad
440 617 587 665 quam
611 617 733 659 rem,
758 606 906 664 atque
943 599 1091 647 etiam
1126 599 1191 647 ad
1221 599 1551 663 propulsatio-

148 693 264 726 nem
309 684 625 726 externorum
669 676 902 734 hostium,
960 676 1288 739 praescribunt
1334 675 1551 723 reditum

151 760 342 807 certum
364 760 431 802 ‘et
466 753 744 811 limitatum,
770 769 828 801 ea
868 752 992 816 lege,
1016 760 1073 800 ut
1109 752 1150 800 si
1187 768 1289 800 non
1327 752 1550 809 sufficiat,

149 828 456 878 redeundum
471 830 535 877 sit
550 830 614 878 ad
628 846 806 878 novam
824 836 980 877 coetus
999 829 1389 877 conventionem,
1428 828 1552 877 Quis

148 922 251 956 non
272 906 410 954 videt
442 906 495 954 in
520 906 717 954 civitate
755 906 824 954 sic
863 906 1148 964 constituta,
1174 912 1359 952 coetum
1395 905 1550 963 illum,

150 983 245 1058 qui-
270 982 378 1031 haec
412 983 730 1046 praescripsit,
764 983 994 1030 habuisse
1020 988 1329 1046 potestatem
1353 980 1553 1028 absola-

150 1062 298 1108 tam?
335 1059 388 1108 Si
424 1066 590 1106 manet
632 1059 784 1122 igitur
826 1065 999 1117 coetuS,
1024 1058 1102 1105 vel
1140 1057 1201 1105 de
1241 1064 1463 1120 tempore
1499 1057 1552 1105 in

148 1142 344 1199 tempus
381 1134 446 1183 ad
480 1142 670 1183 certum
705 1134 838 1182 diem
862 1141 912 1182 et
942 1134 1106 1182 locum
1131 1141 1402 1182 conventus
1426 1134 1551 1182 cele-

123 1213 276 1270 brat,
307 1211 402 1260 erit
432 1218 671 1275 perpetua
694 1211 932 1276 potentia
967 1211 1066 1259 illa.
1139 1211 1225 1259 Sin
1265 1210 1462 1274 penitus
1499 1226 1552 1258 se

149 1287 436 1347 dissolvant,
480 1288 559 1335 vel
603 1304 707 1335 una
750 1286 1031 1335 dissolvitur
1069 1287 1257 1346 civitas,
1299 1295 1444 1350 atque
1481 1287 1552 1334 ita

148 1367 462 1413 revertuntur
485 1363 550 1410 ad
571 1369 759 1411 Statum
793 1362 928 1421 belli,
953 1363 1032 1410 vel
1055 1363 1348 1426 relinquitur
1371 1363 1552 1411 alicubi

148 1446 366 1504 potestas
403 1438 643 1503 puniendi
688 1455 771 1487 eos
807 1439 893 1502 qui
927 1439 1061 1503 leges
1108 1440 1550 1504 transgredientur,

150 1515 430 1579 quicunque
455 1515 653 1563 demum
677 1522 726 1563 et
750 1523 1063 1579 quotcunque
1078 1517 1148 1564 illi
1171 1517 1382 1572 fuerint3
1420 1517 1565 1579 quod.

72 1605 74 1607 ’
149 1592 259 1640 fieri
290 1607 393 1640 non
414 1598 579 1654 potest
604 1592 708 1639 sine
723 1599 987 1657 potestate
1011 1592 1258 1640 absolata.
1315 1593 1444 1640 Nam
1470 1593 1553 1655 qui

137 1668 265 1731 J'ure
286 1673 482 1715 tantum
506 1667 600 1714 sibi
624 1683 912 1715 concessum
934 1668 1112 1715 virium
1129 1668 1294 1725 habet,
1319 1675 1377 1715 ut
1398 1667 1554 1731 possit

153 1743 397 1807 quotlibet
438 1743 568 1791 cives
602 1743 761 1806 poenis
804 1759 1048 1801 coercere,
1084 1744 1234 1792 habet
1279 1745 1554 1807 potentiam

153 1826 344 1868 tantam
364 1825 424 1866 ut
446 1835 476 1867 a
499 1819 686 1866 civibus
709 1820 866 1882 major
890 1819 1136 1866 contribui
1158 1836 1258 1867 non
1280 1820 1451 1882 possit.

227 1901 302 1944 18.
340 1894 660 1943 Manifestum
689 1902 764 1942 est
793 1895 960 1958 igitur,
988 1911 1093 1943 esse
1118 1895 1168 1943 in
1194 1896 1329 1943 omni
1354 1896 1552 1943 civitate
1571 1904 1784 1954 Notoeffmperii

154 1972 371 2035 aliquem
393 1971 634 2019 hominem
666 1988 826 2030 unum,
845 1972 923 2019 vel
949 1971 1210 2019 concilium
1235 1972 1336 2020 sive
1361 1973 1553 2020 curiam
1570 1957 1687 1975 summ

156 2064 320 2107 unam,
345 2063 457 2110 quae
485 2047 759 2110 potentiam
791 2047 843 2094 in
868 2048 998 2095 cives
1024 2047 1240 2111 singulos
1268 2049 1379 2112 jure
1402 2048 1554 2096 habet

155 2131 365 2182 tantam,
382 2130 617 2187 quantam
633 2130 772 2171 extra
787 2124 1037 2172 civitatem
1052 2125 1388 2188 unusquisque
1402 2125 1553 2172 habet

155 2200 212 2250 in
241 2200 488 2264 seipsum3
524 2198 578 2247 id
609 2206 698 2258 est,
727 2216 960 2248 summam
993 2200 1093 2248 sive
1118 2200 1414 2258 absolutam,
1436 2200 1554 2249 viri-

155 2276 251 2326 bus
284 2275 515 2333 civitatiS,
537 2291 697 2339 neque
737 2276 839 2324 ulla
875 2275 970 2323 alia
1009 2292 1062 2323 re
1106 2276 1430 2324 limitandam.
1501 2276 1554 2324 Si

159 2351 291 2401 enim
313 2358 530 2416 potestas
549 2352 653 2415 ejus
668 2351 979 2410 limitaretur,
995 2367 1194 2399 necesse
1213 2359 1300 2410 est,
1323 2359 1380 2399 ut
1394 2351 1446 2399 id
1467 2352 1557 2399 fiat

159 2444 190 2477 a
218 2428 396 2492 majori
417 2434 694 2491 potestate:
732 2434 928 2490 oportet
951 2427 1082 2474 enim
1116 2443 1243 2485 eum,
1270 2427 1352 2490 qui
1374 2427 1555 2475 limites

157 2503 452 2569 praescribit,
475 2503 710 2566 majorem
727 2501 1000 2565 potentiam
1017 2502 1213 2560 habere,
1234 2519 1382 2566 quam
1405 2503 1445 2551 is
1470 2502 1556 2566 qui

158 2579 396 2628 limitibus
421 2578 696 2627 cohibetur.
767 2578 992 2626 Potentia
1008 2577 1172 2641 itaque
1195 2578 1279 2626 illa
1302 2578 1554 2637 cohibens,

159 2656 239 2704 vel
262 2655 368 2704 sine
390 2654 547 2703 limite
571 2662 662 2713 est,
686 2654 765 2702 vel
783 2654 963 2702 iterum
981 2654 1238 2702 cohibetur
1261 2655 1322 2702 ab
1339 2654 1434 2702 alia
1455 2671 1557 2702 ma-

108 2751 111 2754 ·
156 2732 255 2796 jori
270 2752 289 2788 ·,
321 2739 375 2780 et
395 2731 465 2779 sic
490 2730 692 2779 tandem
716 2730 1004 2778 devenietur
1044 2729 1109 2778 ad
1131 2737 1428 2793 potestatem
1452 2731 1555 2779 sine

162 2807 259 2856 alio
298 2807 454 2856 limite
494 2815 678 2871 praeter
710 2823 839 2866 eum,
867 2807 950 2870 qui
987 2806 1224 2854 terminus
1255 2807 1456 2855 ultimus
1481 2813 1557 2855 est

162 2883 340 2935 virium
362 2883 543 2932 civium
561 2883 704 2932 simul
723 2883 958 2933 omnium.
1027 2882 1212 2931 Eadem
1235 2882 1418 2931 dicitur
1437 2900 1557 2947 quo-
