1982 3256
183 374 311 406 SECT.
332 374 383 407 11.

268 427 297 456 8.

169 518 265 546 Locus

167 560 300 597 imaginis
313 569 365 598 per

169 603 315 640 dioptmm
329 612 392 631 con.

167 655 272 674 vexum
281 646 411 674 inversae.

429 229 490 281 72
956 245 1026 278 DE
1054 245 1294 278 HOMINE.

497 352 736 412 Secundo,
761 354 802 402 si
823 354 867 400 V
889 355 937 402 X
961 361 1290 404 removeretur
1306 354 1539 417 paulatim
1560 355 1750 418 longius
1773 371 1803 402 a

431 426 639 490 dioptro,
663 428 822 492 imago
847 431 949 492 ejus
973 437 1099 477 esset
1122 430 1274 491 magis
1298 429 1547 492 magisque
1572 429 1800 485 confusa;

428 518 542 550 nam
558 510 794 565 punctum
812 505 928 566 ejus,
946 504 1077 566 quod
1090 504 1326 551 incideret
1343 505 1393 551 in
1413 504 1803 552 intersectionem

429 577 635 626 duorum
669 578 916 626 radiorum
951 580 1055 637 IH,
1093 579 1138 626 N
1155 580 1209 637 L,
1235 587 1490 642 appareret
1513 579 1565 626 in
1597 585 1803 642 utraque

426 653 597 701 visuali
616 654 659 700 A
678 654 722 700 R
737 661 787 701 et
804 654 848 701 A
865 655 896 702 S
914 675 924 709 ;
944 655 1108 717 itaque
1125 655 1370 702 videretur
1386 655 1438 702 in
1458 654 1643 701 duobus
1663 654 1805 702 simul

425 727 560 787 locis,
585 728 637 776 id
661 728 791 792 quod
813 739 887 776 est
909 729 1156 784 confusio;
1181 730 1406 792 idemque
1424 729 1731 793 contingeret
1753 729 1805 777 in

429 803 722 866 quibuslibet
754 804 881 852 binis
916 805 1062 852 radiis
1097 821 1147 852 se
1183 813 1353 852 mutuo
1395 805 1803 868 contingentibus.

428 878 492 925 Et
516 879 743 940 quoniam
761 879 861 926 fere
882 880 1038 927 omnis
1057 880 1219 927 radius
1239 896 1434 927 omnem
1451 880 1640 927 radium
1657 886 1804 938 secat,

428 969 625 1000 necesse
650 961 777 1002 esset
801 970 943 1002 omne
964 964 1199 1017 punctum
1233 955 1411 1017 objecti
1434 955 1484 1002 in
1517 955 1649 1002 omni
1677 955 1807 1002 linea

429 1028 600 1075 visuali
644 1045 891 1091 apparere,
932 1045 1039 1092 quae
1084 1030 1256 1092 ingens
1297 1029 1515 1077 confusio
1556 1037 1708 1085 esset;
1754 1030 1808 1078 id

431 1103 562 1166 quod
582 1103 749 1150 notavi
771 1104 823 1150 in
846 1105 1049 1152 articulo
1066 1104 1388 1168 praecedente,
1409 1105 1554 1152 ethic
1573 1121 1633 1153 ex
1649 1106 1807 1169 figura

429 1178 535 1241 ipsa
555 1177 867 1226 manifestum
890 1187 978 1226 est.

496 1253 678 1311 Tertio,
699 1253 739 1300 si
758 1254 917 1301 adhuc
940 1271 970 1302 a
988 1254 1178 1318 dioptro
1197 1262 1527 1301 removeretur
1546 1254 1597 1302 in
1614 1261 1806 1302 tantum

429 1337 486 1375 ut
508 1344 538 1375 a
559 1329 693 1375 nullo
719 1331 822 1391 ejus
856 1336 1037 1392 puncto
1071 1329 1235 1376 radius
1269 1329 1521 1391 pervenire
1554 1337 1718 1392 posset
1743 1329 1807 1377 ad

431 1403 477 1449 A
513 1418 572 1450 ex
607 1410 745 1466 parte
782 1405 821 1451 E
839 1404 892 1462 C,
930 1405 981 1451 id
1014 1412 1103 1463 est,
1140 1404 1332 1467 quando
1367 1412 1646 1452 removetur
1678 1404 1808 1452 ultra

430 1485 667 1540 punctum
703 1478 833 1540 quod
863 1478 914 1525 in
943 1479 1126 1526 visione
1157 1495 1246 1541 per
1274 1479 1404 1526 idem
1436 1478 1682 1541 dioptrum
1707 1495 1807 1526 non

430 1552 623 1599 inversa
657 1559 730 1599 est
762 1560 999 1614 punctum
1034 1554 1398 1611 evanescentiae,
1441 1561 1557 1601 tunc
1597 1554 1808 1617 primum

431 1627 593 1690 imago
617 1627 719 1689 ejus
743 1634 793 1674 et
815 1627 1006 1674 inversa
1027 1628 1272 1674 videretur
1296 1634 1346 1675 et
1368 1628 1609 1676 distincta.

501 1701 828 1764 Supponimus
863 1702 1026 1764 itaque
1062 1702 1307 1764 objectum
1342 1703 1384 1750 O
1401 1703 1446 1749 N
1464 1703 1487 1750 I
1521 1703 1643 1751 adeo
1677 1719 1707 1751 a
1735 1703 1807 1751 di-

434 1783 575 1840 optro
610 1783 853 1824 remotum
887 1792 1006 1835 esse,
1040 1783 1097 1824 ut
1129 1777 1290 1839 imago
1326 1778 1429 1840 ejus
1466 1786 1516 1825 et
1546 1778 1733 1827 inverse
1759 1785 1810 1827 et

435 1852 663 1899 distincte
685 1851 840 1899 videri
861 1852 1044 1914 possit;
1076 1853 1178 1914 jam
1200 1852 1275 1898 his
1299 1853 1580 1911 observatis,
1617 1860 1810 1916 oportet

436 1926 691 1974 ostendere
713 1926 973 1989 imaginem
992 1926 1171 1988 objecti
1205 1927 1247 1974 Ο
1264 1927 1310 1974 N
1327 1927 1349 1974 Ι
1386 1943 1488 1975 esse
1512 1929 1557 1976 R
1573 1928 1605 1975 S
1621 1929 1676 1976 T.

502 2002 809 2064 Intelligatur
831 2002 1016 2049 moveri
1034 2003 1280 2064 objectum
1303 2003 1384 2050 OI
1407 2003 1535 2050 inter
1556 2003 1809 2066 parallelas

437 2078 479 2125 O
495 2077 556 2136 D,
592 2077 615 2124 Ι
631 2078 685 2123 Μ
720 2076 986 2124 indefinite.
1059 2077 1186 2124 Cum
1209 2093 1325 2140 ergo
1355 2084 1591 2140 punctum
1614 2078 1637 2126 I
1661 2085 1733 2126 est
1757 2078 1809 2126 in

437 2152 507 2211 Μ,
543 2152 707 2199 radius
730 2153 790 2199 ab
816 2152 886 2210 M,
921 2168 1008 2215 per
1041 2168 1183 2215 quem
1218 2153 1482 2200 refractum
1512 2153 1576 2201 ad
1597 2152 1642 2199 A
1656 2153 1809 2204 ,debet

436 2228 543 2275 fieri
564 2227 701 2285 visio,
725 2227 910 2275 incidet
938 2227 990 2274 in
1025 2228 1064 2274 B
1083 2229 1123 2275 E
1157 2227 1355 2290 propius
1384 2228 1448 2275 ad
1482 2229 1522 2275 E
1558 2244 1702 2291 quam
1735 2234 1808 2275 est

435 2310 672 2365 punctum
711 2303 759 2349 H
781 2323 792 2357 ;
840 2310 890 2350 et
925 2319 1019 2365 quo
1060 2310 1334 2351 removetur
1377 2303 1585 2367 longius,
1620 2318 1809 2366 semper

436 2377 625 2425 accedit
647 2377 812 2425 radius
831 2378 933 2440 ejus
950 2378 1148 2441 propius
1166 2378 1228 2425 ad
1246 2379 1302 2426 E.
1373 2379 1543 2441 Itaque
1561 2378 1600 2425 si
1619 2393 1809 2441 semper

435 2459 757 2509 removeatur,
777 2468 966 2516 semper
989 2452 1285 2500 diminuetur
1308 2453 1512 2515 angulus
1530 2468 1674 2515 quem
1690 2451 1809 2500 facit

435 2527 599 2575 radius
617 2544 646 2575 a
667 2528 876 2576 termino
901 2527 923 2574 I
949 2543 1058 2575 cum
1073 2543 1162 2575 axe
1182 2527 1343 2590 optico
1366 2527 1411 2575 D
1426 2527 1471 2575 A
1490 2547 1502 2582 ;
1538 2533 1588 2574 et
1605 2543 1701 2590 quo
1722 2528 1808 2575 ob-

431 2603 615 2664 jectum
645 2603 838 2665 longius
867 2610 1157 2659 removetur,
1188 2618 1245 2650 eo
1276 2618 1415 2650 axem
1437 2601 1652 2671 opticum
1676 2608 1809 2650 secat

436 2677 488 2724 in
505 2684 689 2740 puncto
707 2678 933 2741 propiore
951 2677 1014 2725 ad
1032 2678 1090 2725 O.
1147 2678 1415 2725 Evanescet
1436 2677 1585 2740 igitur
1602 2677 1807 2739 angulus

435 2752 487 2800 in
511 2769 607 2815 quo
631 2753 755 2800 radii
778 2754 838 2800 ab
863 2754 905 2801 O
929 2760 978 2801 et
1001 2754 1022 2800 I
1049 2769 1099 2800 se
1122 2759 1292 2800 mutuo
1316 2759 1497 2810 secant,
1532 2751 1583 2798 in
1605 2751 1709 2814 ipso
1733 2752 1805 2807 O;

436 2827 621 2874 nullum
641 2828 770 2875 enim
789 2836 1023 2890 punctum
1047 2835 1120 2877 est
1142 2828 1269 2875 inter
1291 2827 1333 2874 O
1358 2833 1406 2874 et
1429 2828 1481 2885 F,
1516 2826 1566 2873 in
1591 2843 1686 2890 quo
1704 2826 1807 2874 axis

436 2918 535 2950 non
558 2911 748 2950 secatur
779 2919 808 2949 a
836 2902 971 2950 radio
1007 2902 1297 2964 procedente
1331 2902 1389 2948 ab
1427 2901 1586 2964 aliquo
1623 2909 1806 2963 puncto
