2020 3262
505 241 600 285 292
1038 254 1336 288 IMPERIUM.

247 380 375 413 secr.
399 382 464 415 ¹11.
504 362 595 410 hoc
619 369 706 421 est,
730 363 1085 412 multitudinem
1112 372 1280 413 contra
1305 363 1545 428 populum
1585 363 1864 411 animantes.

263 477 270 486 .
339 433 387 462 ¹2·
505 436 666 500 Atque
688 438 763 485 hae
786 438 885 486 fere
922 447 1034 487 sunt
1064 440 1326 502 opiniones,
1351 438 1522 501 quibus
1545 437 1717 484 imbuti
1740 437 1867 485 cives

503 512 665 560 faciles
700 520 811 560 sunt
850 514 911 561 ad
941 514 1366 566 tumultuandum3
1402 520 1451 560 et
1488 513 1528 559 si
1552 511 1746 575 quidem
1766 528 1868 560 ma-

499 587 649 650 jestas
671 588 722 636 in
755 589 885 636 omni
909 590 1102 637 civitate
1140 590 1184 636 ei
1219 589 1295 636 vel
1329 588 1397 635 eis
1432 586 1758 635 conservanda
1790 586 1868 645 sit,

505 662 586 724 qui
609 678 847 710 summum
865 663 1012 711 habet
1027 664 1104 711 vel
1121 664 1302 710 habent
1324 663 1594 726 imperium,
1618 662 1692 709 his
1715 661 1870 725 opini-

504 737 674 785 onibus
698 738 879 785 crimen
896 739 1023 786 laesae
1040 739 1303 801 maJ'estatis
1327 738 1542 786 adhaeret
1571 737 1868 785 naturaliter.

226 825 447 875 nawa-monem
568 818 612 860 9.
649 813 876 860 Animum
898 814 1162 861 humanum
1185 813 1471 876 aegritudine
1496 813 1642 860 afficit
1664 812 1869 860 maxime

224 869 444 949 {isspssffiffxss
502 888 716 935 omnium
754 904 914 935 rerum
946 895 1163 952 egestam,
1200 889 1298 935 sive
1338 904 1504 935 earum
1543 903 1721 946 rerum,
1763 903 1870 950 quae

225 955 444 1034 gssfflffigm
501 962 563 1008 ad
584 963 732 1009 vitam
768 969 816 1009 et
846 962 1130 1025 dignitatem
1162 962 1391 1009 tuendam
1425 961 1705 1010 necessariae
1741 969 1870 1020 sunt,

225 1044 253 1068 ‘³‘
273 1041 439 1069 necessaria·
503 1036 686 1100 inopia.
754 1037 816 1084 Et
840 1053 1128 1099 quamquam
1160 1053 1303 1084 nemo
1327 1038 1404 1095 sit,
1439 1037 1520 1099 qui
1543 1036 1728 1084 nesciat
1758 1052 1872 1099 opes

503 1110 740 1158 industria
762 1112 1107 1175 comparandas
1127 1119 1174 1159 et
1196 1112 1490 1175 parsimonia
1521 1110 1872 1160 conservandas

504 1201 620 1244 esse,
662 1203 827 1234 omnes
867 1194 1028 1234 tamen
1069 1188 1235 1250 inopes
1275 1187 1466 1249 culpam
1499 1187 1559 1234 ab
1594 1185 1788 1249 ignavia
1821 1193 1872 1233 et

503 1260 692 1308 luxuria
719 1262 914 1324 propria
948 1262 998 1308 in
1036 1262 1253 1324 regimen
1290 1261 1512 1319 civitatis,
1553 1267 1782 1323 tanquam
1818 1275 1871 1307 re

503 1336 691 1398 privata
732 1337 935 1398 publicis
987 1337 1314 1384 exactionibus
1370 1336 1562 1394 detrita,
1610 1335 1871 1383 transferre

504 1410 672 1458 solent.
741 1411 930 1458 Debent
965 1418 1126 1459 autem
1159 1412 1376 1459 homines
1416 1411 1735 1469 considerare,
1772 1425 1872 1457 non

504 1485 646 1532 modo
691 1486 1006 1534 laborandum
1053 1503 1155 1534 esse
1196 1487 1269 1545 iis,
1312 1487 1485 1549 quibus
1529 1485 1872 1549 patrimonium

505 1575 603 1607 non
622 1567 709 1618 est,
733 1568 789 1607 ut
812 1560 991 1618 vivant,
1017 1561 1103 1608 sed
1125 1561 1267 1607 etiam
1291 1561 1620 1623 pugnandum,
1643 1568 1701 1608 ut
1737 1560 1870 1607 labo-

504 1641 627 1681 rent.
688 1635 1027 1697 Unusquisque
1045 1635 1340 1694 Judaeorum,
1367 1636 1448 1697 qui
1466 1643 1682 1698 tempore
1705 1635 1872 1683 Esdrae

505 1725 666 1756 muros
698 1709 1002 1757 Hierusalem
1031 1710 1347 1769 aedificabant,
1371 1726 1469 1758 una
1499 1726 1644 1757 manu
1666 1710 1873 1758 faciebat

506 1800 640 1846 opus,
682 1785 831 1831 altera
872 1786 1069 1842 tenebat
1107 1785 1335 1848 gladium.
1418 1786 1476 1832 In
1512 1785 1642 1833 omni
1678 1785 1873 1833 civitate

506 1859 817 1921 cogitandum
849 1868 936 1917 est,
959 1876 1170 1918 manum,
1213 1876 1320 1922 quae
1355 1860 1570 1923 gladium
1600 1866 1748 1916 tenet,
1772 1875 1873 1907 esse

505 1950 671 1996 regem
707 1935 783 1981 vel
806 1935 994 1981 curiam
1018 1951 1258 1992 summam,
1283 1942 1331 1982 et
1354 1935 1414 1982 ab
1438 1935 1677 1982 industria
1699 1934 1874 1982 civium

506 2025 604 2056 non
626 2009 782 2056 minus
805 2010 1025 2057 alendam
1050 2026 1151 2057 esse
1174 2010 1270 2068 illa,
1296 2026 1390 2072 qua
1413 2010 1612 2073 quisque
1629 2009 1874 2057 fortunam

506 2100 641 2131 suam
684 2085 919 2146 privatam
963 2085 1253 2132 fabricatur:
1303 2084 1575 2148 vectigalia
1619 2090 1779 2131 autem
1825 2090 1874 2131 et

507 2159 694 2206 tributa
717 2159 835 2206 nihil
867 2159 997 2206 aliud
1033 2175 1151 2218 esse,
1189 2166 1366 2222 praeter
1401 2158 1670 2207 mercedem
1705 2174 1872 2206 eorum

507 2234 587 2296 qui
605 2234 776 2281 armati
797 2234 1012 2296 vigilant,
1030 2251 1091 2282 ne
1106 2235 1342 2282 industria
1360 2234 1655 2297 singulorum
1676 2232 1871 2280 incursu

506 2310 718 2357 hostium
756 2309 1072 2372 impediatur3
1108 2326 1196 2357 nec
1234 2309 1386 2372 magis
1414 2310 1594 2372 justam
1633 2307 1872 2370 querimo-

506 2385 636 2432 niam
660 2401 761 2432 esse
786 2401 965 2443 eorum,
991 2386 1073 2447 qui
1107 2393 1442 2448 paupertatem
1476 2400 1608 2431 suam
1630 2382 1872 2445 pensioni-

506 2461 595 2507 bus
617 2460 819 2522 publicis
854 2460 1107 2522 imputant,
1132 2476 1275 2522 quam
1309 2460 1349 2507 si
1372 2459 1586 2507 dicerent
1620 2458 1787 2519 inopes
1810 2472 1872 2504 se

507 2535 611 2581 fieri
633 2541 829 2597 propter
853 2535 1139 2582 solutionem
1172 2535 1456 2582 debitorum.
1526 2532 1621 2579 Sed
1642 2531 1762 2578 nihil
1784 2532 1872 2579 ho-

508 2625 614 2655 rum
656 2609 837 2672 cogitat
882 2610 1090 2657 maxima
1133 2626 1244 2673 pars
1289 2609 1551 2656 hominum.
1620 2606 1874 2654 Patiuntur

509 2684 636 2731 enim
658 2684 786 2731 idem
805 2684 935 2746 quod
964 2685 1013 2731 in
1038 2686 1222 2743 morbo,
1248 2684 1329 2746 qui
1347 2683 1614 2746 appellatur
1637 2681 1838 2728 incubus
1853 2700 1872 2735 ;

511 2759 606 2821 qui,
632 2768 766 2806 ortus
790 2760 848 2806 ab
880 2760 1105 2822 ingluvie,
1130 2760 1246 2807 facit
1277 2766 1436 2806 tamen
1459 2757 1677 2804 homines
1701 2763 1872 2819 putare

511 2849 560 2880 se
583 2834 758 2892 invadi,
784 2841 832 2881 et
867 2851 1042 2897 magno
1073 2834 1285 2897 pondere
1309 2831 1513 2894 opprimi
1550 2838 1597 2878 et
1634 2831 1869 2879 suffocari.
