1962 3242
728 385 992 418 EPISTOLA
1019 385 1392 419 DEDICATORIA
1403 409 1412 418 .

351 502 490 551 limis.
561 504 656 551 Diu
695 512 767 551 est
805 505 936 567 quod
974 520 1085 567 pars
1122 505 1254 567 prior
1294 506 1422 568 typis
1459 512 1632 567 parata
1667 509 1788 552 erat.

348 603 449 650 Cur
489 619 621 666 ergo,
660 604 863 667 inquies,
901 621 1010 651 cum
1045 604 1231 666 reliqua
1263 604 1492 652 facillima
1531 612 1650 662 erat,
1688 610 1790 652 tam

347 683 430 750 diu
470 703 733 751 editionem
766 705 1159 767 expectavimus?
1229 704 1361 752 Quid
1387 704 1574 751 interea
1595 703 1788 752 fecisti?

345 806 543 853 Dicam:
569 807 893 870 ἐθηριομάχησα.
949 806 1073 852 Sunt
1092 804 1222 852 enim
1241 811 1290 851 et
1307 804 1426 852 mihi
1441 806 1535 852 mei
1554 804 1791 852 Demetrii

346 913 395 952 et
436 905 715 962 Alexandri,
755 921 960 968 quorum
1008 906 1220 968 ἐργασίαις
1262 904 1453 951 obstare
1498 904 1621 952 velle
1666 904 1788 952 falso

344 1005 646 1052 existimatus
683 1021 803 1052 sum.
875 1005 1002 1051 Dum
1031 1020 1147 1067 ergo
1172 1003 1462 1051 clamoribus
1486 1011 1536 1051 et
1559 1003 1788 1051 conviciis

344 1103 535 1151 illorum
588 1104 859 1151 necessario
910 1086 1268 1166 responderem,
1321 1103 1437 1150 fecit
1490 1104 1788 1151 concertatio

342 1204 488 1267 longa
509 1212 564 1252 ut
587 1205 728 1251 nimis
752 1205 814 1252 sit
835 1205 984 1252 dilata
1007 1204 1169 1251 editio.
1232 1205 1522 1262 Statueram,
1539 1204 1789 1253 elementis

342 1303 417 1350 his
440 1304 501 1351 ad
533 1305 679 1351 finem
706 1306 969 1368 perductis,
993 1305 1171 1369 stylum
1200 1305 1423 1367 abjicere.
1495 1305 1592 1352 Sed
1618 1312 1675 1352 ut
1701 1305 1789 1353 ho-

342 1403 526 1450 minum
553 1405 885 1466 profitentium
909 1404 1133 1452 scientias
1155 1419 1315 1451 mores
1346 1419 1450 1451 esse
1477 1419 1608 1451 nunc
1631 1403 1788 1462 video,

342 1518 477 1564 spem
506 1503 638 1550 illam
671 1504 862 1566 abjicio,
887 1505 1065 1568 stylum
1095 1504 1311 1558 retine03
1346 1485 1463 1550 nam
1491 1510 1540 1550 et
1561 1504 1667 1551 haec
1689 1504 1788 1552 for-

342 1610 469 1650 tasse
493 1603 797 1652 defendenda
812 1611 969 1652 erunt.
1026 1603 1282 1651 Sacrificiis
1307 1603 1584 1665 importune
1599 1619 1788 1667 semper

341 1703 537 1751 fuerunt
559 1720 752 1752 muscae.
823 1705 1015 1752 Faciam
1046 1720 1178 1766 ergo,
1201 1711 1257 1750 ut
1287 1703 1595 1751 Domitianus
1626 1704 1786 1767 Impe-

342 1810 505 1858 rator;
558 1805 799 1866 configam
844 1804 967 1867 stylo
1017 1819 1223 1851 muscas.
1309 1802 1385 1849 Ita
1429 1801 1644 1864 inquam,
1689 1802 1785 1850 nisi

346 1903 534 1950 dederis
558 1910 613 1951 tu
637 1904 767 1966 quod
789 1920 931 1967 agam
955 1903 1141 1951 melius.
1214 1903 1332 1951 Sum
1356 1901 1499 1960 enim,

791 2058 794 2063 ¹
867 2004 1178 2051 Excellentiae
1203 2011 1299 2050 tuae

999 2104 1175 2151 Servus
1198 2103 1510 2162 humillimus,

1199 2203 1432 2250 THoMAs
1472 2202 1716 2249 HOBBES.

394 2336 467 2372 Dio
489 2338 537 2373 524,
558 2335 674 2379 Junii,
699 2337 808 2373 1658.
