2020 3262
458 282 528 315 DE
555 280 827 321 APPETITU
854 279 921 313 ET
947 277 1110 322 FUGA,
1136 278 1252 311 E‘rc.
1492 269 1553 312 95

166 408 268 442 non
291 392 534 453 dicantur,
560 392 791 440 differunt
808 397 974 438 tamen
996 390 1048 436 in
1072 389 1166 436 hoc
1189 395 1401 446 tantum,
1427 390 1558 452 quod

167 471 328 520 sensio
361 471 426 519 sit
462 470 657 535 obJecti,
698 476 756 517 ut
793 467 997 526 externi,
1031 473 1233 530 propter
1260 466 1557 516 reactionem

168 547 270 595 sive
305 546 633 594 resistentiam
670 561 779 609 quae
815 544 873 591 fit
907 543 968 591 ab
1007 558 1225 606 organo3
1262 548 1312 589 et
1351 541 1558 603 proinde

168 622 391 671 consistit
435 623 487 670 in
530 628 710 670 conatu
755 620 927 683 organi
973 625 1279 673 extrorsum3
1332 617 1558 680 voluptas

168 705 333 746 autem
357 698 581 746 consistit
602 698 655 745 in
677 696 901 760 passione
926 712 1036 759 quae
1071 696 1128 743 fit
1162 695 1223 742 ab
1259 693 1452 742 actione
1476 693 1559 740 ob-

162 774 300 838 jecti,
325 781 376 822 et
401 780 475 822 est
498 780 701 821 conatus
725 773 1006 820 introrsum.

236 854 283 898 2.
321 849 492 898 Causae
538 864 672 912 ergo,
712 854 769 895 ut
810 846 1063 905 sensioniS,
1101 846 1172 893 ita
1216 845 1463 909 appetitus
1510 852 1559 893 et

166 925 314 990 fugae,
337 925 602 986 voluptatis
620 932 669 972 et
692 924 943 982 molestiae,
969 929 1083 970 sunt
1105 922 1212 985 ipsa
1230 923 1425 986 objecta
1448 938 1558 971 sen-

169 1017 326 1050 suum.
395 1001 470 1048 Ex
506 1016 602 1064 quo
639 999 848 1062 intelligi
879 1005 1043 1062 potest
1082 1013 1241 1060 neque
1283 998 1559 1061 appetitum

169 1084 392 1126 nostrum
414 1092 574 1139 neque
601 1075 769 1139 fugam
798 1083 1020 1122 nostram
1044 1090 1241 1122 causam
1277 1089 1382 1121 esse
1408 1089 1559 1136 quare

168 1152 264 1200 hoc
293 1151 372 1199 vel
411 1150 534 1198 illud
573 1151 794 1214 cupimus
834 1149 912 1196 vel
945 1149 1191 1213 fugimus3
1228 1148 1280 1196 id
1315 1156 1404 1208 est,
1430 1149 1562 1212 quod

167 1243 269 1276 non
290 1227 402 1276 ideo
426 1227 700 1291 appetimus
724 1225 839 1289 quia
860 1225 1098 1273 volumus.
1169 1225 1299 1273 Nam
1332 1225 1560 1274 voluntas

167 1303 274 1368 ipsa
295 1311 370 1352 est
392 1303 666 1367 appetitus;
702 1318 793 1349 nec
815 1301 1029 1364 fugimus
1056 1302 1172 1365 quia
1205 1301 1448 1361 nolumus,
1474 1302 1561 1350 sed

169 1380 284 1443 quia
305 1386 411 1428 tum
446 1378 681 1443 appetitio
716 1384 822 1425 tum
846 1378 1034 1425 aversio
1067 1378 1127 1425 ab
1147 1369 1281 1442 ¹ipsis
1304 1378 1451 1426 rebus
1476 1394 1560 1425 cu-

167 1455 284 1519 pitis
305 1455 383 1503 vel
406 1455 564 1503 exosis
583 1461 818 1518 generata
837 1461 926 1512 est,
942 1454 1259 1517 sequiturque
1282 1454 1558 1502 necessario

167 1537 567 1595 praeconceptum
601 1529 924 1594 jucunditatis
965 1530 1300 1592 molestiaeque
1342 1546 1403 1577 ex
1443 1530 1560 1594 ipsis

173 1607 380 1672 objectis
403 1606 661 1655 adfuturae.
722 1604 856 1654 Quid
879 1605 1009 1653 enim
1031 1605 1046 1652 Ρ
1096 1605 1174 1653 An
1195 1605 1449 1664 esurimus,
1467 1623 1560 1654 cae-

169 1691 373 1748 teraque
387 1690 577 1731 naturae
594 1682 867 1730 necessaria
881 1682 1170 1745 appetimus,
1180 1682 1294 1745 quia
1310 1682 1560 1730 volumus?

170 1759 252 1808 An
275 1759 444 1818 fames,
469 1758 590 1814 sitis,
615 1765 667 1805 et
686 1757 937 1820 cupidines
951 1757 1240 1805 voluntariae
1259 1757 1406 1805 sunt?
1460 1758 1561 1822 Ap-

170 1835 451 1900 petentibus
465 1850 626 1899 agere
640 1833 836 1897 quidem
850 1834 1058 1881 liberum
1077 1850 1182 1882 esse
1199 1841 1384 1897 potest;
1402 1834 1561 1898 ipsum

170 1919 338 1961 autem
362 1917 608 1976 appetere
630 1926 731 1958 non
753 1916 918 1973 potest
936 1931 948 1965 ;
986 1910 1118 1973 quod
1140 1911 1210 1958 ita
1233 1910 1433 1959 cuilibet
1446 1927 1560 1974 pro-

170 1987 280 2051 pria
297 1986 602 2051 experientia
619 1986 934 2034 manifestum
949 1993 1039 2045 est,
1057 1994 1114 2034 ut
1136 2003 1237 2035 non
1259 1987 1442 2050 possim
1459 2003 1559 2035 non

170 2062 404 2112 admirari
439 2069 541 2110 tam
580 2062 760 2110 multos
801 2078 920 2121 esse,
963 2062 1046 2125 qui
1085 2062 1327 2126 quomodo
1362 2063 1415 2110 id
1452 2063 1559 2111 fieri

169 2138 326 2203 possit
361 2154 463 2186 non
502 2137 797 2201 intelligunt.
868 2138 1079 2187 Quando
1104 2138 1310 2187 dicimus
1349 2139 1558 2188 liberum

133 2214 137 2218 ’
170 2230 276 2263 esse
300 2214 446 2263 alicui
470 2214 727 2262 arbitrium
750 2215 843 2262 hoc
867 2214 944 2262 vel
978 2215 1100 2263 illud
1122 2215 1334 2264 faciendi
1356 2218 1434 2265 vel
1456 2234 1558 2266 non

170 2289 399 2349 faciendi,
443 2306 633 2353 semper
671 2290 1043 2354 intelligendum
1080 2298 1154 2339 est
1188 2309 1300 2340 cum
1337 2294 1560 2357 apposita

174 2366 457 2416 conditione
490 2366 601 2422 hac,
640 2365 688 2412 si
710 2365 924 2414 voluerit
942 2384 962 2422 ;
995 2383 1110 2414 nam
1132 2375 1189 2415 ut
1220 2368 1328 2432 quis
1350 2369 1559 2418 liberum

176 2443 435 2492 arbitrium
456 2442 637 2490 habeat
657 2441 869 2490 faciendi
895 2443 986 2491 hoc
1009 2443 1087 2491 vel
1109 2443 1231 2492 illud
1252 2452 1418 2493 utrum
1440 2446 1560 2493 velit

169 2535 342 2578 necne,
366 2518 576 2567 absurde
601 2518 796 2566 dicitur.

245 2595 458 2645 Quando
487 2594 722 2658 quaeritur
745 2595 806 2643 ab
830 2595 1010 2659 aliquo,
1033 2603 1202 2645 utrum
1219 2612 1324 2645 rem
1348 2596 1561 2661 aliquam

169 2671 471 2735 propositam
496 2671 658 2719 facere
682 2671 858 2720 debeat
881 2688 944 2719 an
966 2673 1357 2736 praetermittere,
1382 2674 1561 2722 dicitur

172 2746 474 2807 deliberare,
498 2747 550 2795 id
568 2755 659 2807 est,
676 2765 823 2811 quam
847 2748 899 2796 in
921 2755 1180 2812 utramque
1195 2758 1387 2813 partem
1409 2750 1560 2798 habet

170 2821 446 2872 libertatem
483 2823 741 2888 deponere.
813 2825 869 2873 In
902 2841 998 2889 qua
1022 2825 1387 2884 deliberatione,
1410 2834 1558 2890 prout

172 2899 429 2949 commoda
443 2907 492 2948 et
506 2899 817 2949 incommoda
830 2901 944 2949 hine
958 2901 1035 2949 vel
1052 2900 1186 2950 illinc
1205 2917 1256 2951 se
1276 2902 1556 2962 ostendunt,

1605 412 1734 445 SECT.
1759 412 1810 445 11.

1684 464 1734 495 11.

1578 850 1645 879 Non
1659 851 1822 889 dependent

1575 903 1593 922 a
1607 898 1705 923 nostro
1719 896 1843 924 arbitrio.
