1994 3276
194 409 321 440 SECT.
343 410 411 441 111.

281 460 330 490 17.

454 267 547 310 402
1013 280 1257 314 RELIGIO.

452 403 527 434 me
539 393 708 451 pater,
723 389 883 452 inquit
902 390 1121 439 Christus
1143 392 1191 454 (J
1195 392 1272 440 oh.
1288 408 1367 439 xx.
1385 392 1489 453 21),
1505 382 1554 440 et
1571 409 1666 457 ego
1684 392 1824 440 mitto

453 478 539 510 vos
556 481 574 510 .·
610 464 953 529 subjungitque
992 467 1134 528 (vers.
1160 468 1265 530 23),
1289 483 1493 531 quorum
1529 467 1826 515 remiseritis

172 551 418 590 Potastatempeo-
444 544 679 602 peccata,
714 540 1047 600 remittuntur,
1083 548 1133 588 et
1163 558 1366 605 quorum
1396 541 1723 602 retinueritis,
1746 557 1826 589 re-

172 598 238 623 cata
254 596 418 632 poenitenti-

170 638 227 666 bus
244 639 417 673 remittendi,

171 690 231 708 non
254 682 416 718 poenitenti-

173 732 224 752 um
252 725 403 760 retinendi,

453 618 591 660 tenta
625 620 753 662 sunt.
824 615 921 662 Sed
953 615 1070 678 quid
1102 617 1164 664 sit
1196 616 1387 664 solvere
1424 624 1473 664 et
1509 616 1693 681 ligare,
1726 617 1826 665 sive

441 695 663 752 peecata
685 690 939 738 remittere
962 699 1012 739 et
1034 692 1266 750 retinere,
1292 691 1641 740 dubitationem
1662 692 1825 740 habet.

174 770 305 804 ²³1’2‘22121e
315 768 352 796 δᾶ
360 777 423 805 Ρθῶ
453 764 667 812 Primum
686 765 831 824 enim,
842 772 1061 829 peecata
1081 767 1182 829 ejus
1200 761 1434 825 retinere,
1454 768 1536 829 qui
1551 767 1826 830 baptizatus

172 812 263 838 tores:
298 811 348 839 sed
369 811 405 839 de
455 839 465 849 ,

173 853 346 890 poenitentia
359 854 405 891 ju-

175 896 302 931 dicandi,
315 897 353 925 ad
366 907 409 926 ec-

174 938 297 968 clesiam.

452 855 504 887 111
521 840 852 888 remissionem
868 847 1182 904 peccatorum
1198 857 1311 889 vere
1328 842 1569 905 poenitens
1588 849 1675 901 est,
1693 841 1828 890 vide-

453 921 535 963 tur
559 923 730 963 contra
762 916 920 978 ipsum
953 923 1150 979 pactum
1184 917 1312 964 Novi
1335 917 1646 976 Testamenti,
1670 932 1827 980 neque

455 1006 571 1053 ergo
609 1007 639 1038 a
677 991 873 1039 Christo
917 992 1038 1050 fieri,
1078 991 1258 1039 nedum
1297 1009 1327 1040 a
1361 992 1632 1055 pastoribus
1670 1008 1825 1056 posse.

453 1065 726 1113 Remittere
741 1072 904 1113 autem
926 1082 1024 1114 non
1047 1067 1304 1129 poenitenti
1321 1067 1513 1115 videtur
1536 1083 1639 1115 esse
1659 1074 1828 1116 contra

453 1141 756 1188 voluntatem
791 1142 883 1188 Dei
917 1142 1085 1200 Patris,
1109 1158 1139 1189 a
1162 1159 1257 1205 quo
1283 1143 1501 1191 Christus
1538 1143 1601 1191 ad
1628 1159 1828 1191 conver-

454 1215 658 1263 tendum
680 1216 931 1275 mundum,
966 1217 1282 1280 hominesque
1307 1218 1370 1265 ad
1404 1218 1730 1266 obedientiam
1751 1234 1827 1266 re-

455 1290 734 1338 ducendum
750 1291 922 1338 missus
942 1299 1031 1339 est.
1080 1292 1267 1339 Deinde
1283 1292 1324 1339 si
1337 1293 1612 1355 pastoribus
1627 1293 1828 1357 singulis

455 1382 512 1413 eo
536 1366 680 1413 modo
703 1366 956 1413 remittere
987 1373 1037 1414 et
1069 1367 1287 1414 retinere
1301 1374 1520 1431 peecata
1544 1384 1829 1416 concessum

455 1447 596 1499 esset,
639 1440 796 1487 omnis
843 1448 1000 1488 metus
1045 1441 1319 1504 principum
1364 1449 1413 1490 et
1457 1443 1828 1506 magistratuum

404 1544 411 1551 -
455 1515 684 1573 civilium,
703 1530 897 1578 unaque
921 1531 1063 1562 omne
1081 1515 1297 1578 regimen
1321 1517 1458 1565 civile
1481 1517 1828 1566 destrueretur.

456 1590 654 1638 Dictum
673 1590 802 1637 enim
818 1597 892 1637 est
910 1607 939 1637 a
958 1590 1151 1637 Christo
1180 1590 1546 1655 (Matth.x.28),
1560 1593 1658 1641 imo
1683 1593 1829 1642 etiam

454 1672 630 1713 natura
669 1666 775 1728 ipsa
809 1665 988 1713 dictat:
1037 1665 1212 1712 Nolite
1247 1665 1419 1713 timere
1452 1683 1551 1726 eos,
1587 1668 1672 1732 qui
1699 1667 1828 1716 ocei-

455 1741 579 1788 dunt
601 1757 799 1804 eorpus,
819 1740 1030 1787 animam
1053 1747 1215 1787 autem
1233 1758 1326 1788 non
1335 1748 1551 1805 possunt
1568 1741 1795 1790 occidere
1808 1761 1828 1798 ;

454 1816 548 1863 sed
569 1816 746 1880 potius
781 1815 946 1862 timete
979 1831 1100 1874 eum,
1135 1816 1221 1879 qui
1248 1823 1421 1880 potest
1454 1824 1504 1864 et
1537 1817 1748 1865 animam
1780 1823 1831 1866 et

454 1908 638 1955 corpus
661 1890 885 1954 perdere
922 1890 973 1937 in
1017 1890 1310 1938 Gehemiam.
1381 1892 1551 1955 Neque
1591 1898 1664 1940 est
1704 1892 1832 1955 quis-

455 1983 602 2029 quam
634 1966 704 2013 ita
737 1972 899 2013 mente
935 1973 1120 2028 cathS,
1144 1972 1199 2013 ut
1233 1982 1332 2013 non
1365 1967 1524 2029 potius
1558 1967 1725 2015 mallet
1756 1967 1830 2027 iis,

454 2042 537 2104 qui
567 2047 784 2105 peecata
821 2041 1075 2088 remittere
1110 2046 1159 2087 et
1193 2041 1412 2089 retinere
1442 2050 1660 2105 possunt,
1685 2059 1831 2106 quam

453 2118 649 2180 regibus
671 2116 1018 2180 potentissimis
1051 2116 1401 2179 obtemperare.
1470 2117 1642 2180 Neque
1666 2124 1830 2165 tamen

454 2209 514 2241 ex
559 2193 712 2241 altera
760 2198 900 2255 parte
945 2191 1318 2239 existimandum
1363 2200 1450 2250 est,
1496 2192 1830 2240 remissionem

443 2275 769 2333 peecatorum
792 2267 912 2314 nihil
935 2267 1067 2314 aliud
1091 2283 1193 2314 esse
1223 2274 1402 2330 praeter
1425 2268 1779 2331 exemptionem
1799 2282 1830 2314 a

452 2345 610 2407 poenis
628 2343 978 2391 ecclesiasticis.
1039 2342 1172 2391 Quid
1191 2342 1321 2389 enim
1342 2343 1456 2391 mali
1473 2344 1622 2391 habet
1639 2357 1830 2390 excom-

453 2419 719 2467 municatio
738 2426 916 2481 praeter
935 2423 1311 2480 consequentem
1329 2434 1388 2465 ex
1406 2434 1464 2466 ea
1479 2433 1672 2481 poenam
1689 2422 1828 2464 aeter-

453 2511 598 2547 nam;
632 2494 710 2541 vel
738 2493 871 2551 boni,
907 2493 958 2540 in
993 2492 1245 2539 ecclesiam
1279 2493 1445 2556 recipi,
1481 2493 1520 2540 si
1554 2500 1691 2540 extra
1721 2506 1830 2538 eam

455 2577 581 2617 esset
604 2568 762 2616 salus?
814 2567 1099 2615 Tenendum
1116 2567 1266 2630 igitur
1289 2574 1375 2626 est,
1391 2574 1631 2631 pastores
1647 2565 1830 2613 habere

446 2650 751 2708 potestatem
786 2649 1004 2707 peecata
1038 2659 1152 2690 vere
1186 2649 1236 2689 et
1270 2642 1494 2690 absolute
1529 2641 1828 2700 remittendi,

454 2719 541 2766 sed
550 2718 911 2782 poenitentibus
920 2735 939 2772 ,·
964 2725 1013 2765 et
1026 2717 1292 2776 retinendi,
1311 2717 1396 2765 sed
1409 2716 1827 2781 impoenitentium.

454 2794 584 2840 Dum
617 2801 780 2842 autem
813 2800 987 2857 putant
1020 2793 1255 2851 homines,
1279 2793 1514 2856 poenitere
1545 2791 1666 2839 nihil
1698 2790 1831 2839 aliud

455 2884 571 2928 esse,
594 2885 739 2931 quam
763 2877 817 2916 ut
840 2869 970 2917 facta
994 2885 1081 2917 sua
1105 2868 1306 2931 quisque
1330 2867 1633 2926 condemnet,
1652 2873 1830 2915 mutet-
