2020 3262
239 377 372 409 SECT.
399 377 470 412 111.

336 428 386 459 16.

224 520 352 550 Easdem
366 532 431 551 con-

217 564 339 601 junctas
352 567 441 594 fuisse

516 236 613 279 368
932 256 934 258 ·
1084 250 1328 285 RELIGIO.

514 358 750 420 scriptum
773 375 926 423 usque
951 360 1015 408 ad
1038 362 1374 424 captivitatem
1397 377 1495 409 non
1521 363 1891 424 agnoscebatur,

511 449 660 496 penes
701 450 840 498 reges
876 436 1024 484 etiam
1063 445 1170 484 erat
1211 437 1476 484 auctoritas
1519 437 1892 502 interpretandi

508 510 706 558 verbum
719 511 836 559 Dei.
873 513 993 570 Imo,
1010 512 1247 575 siquidem
1261 513 1463 559 verbum
1479 512 1571 559 Dei
1587 529 1676 575 pro
1692 513 1799 576 lege
1815 530 1891 562 re-

221 607 253 635 1„
266 609 382 645 regibus
396 618 490 647 usque
508 585 787 648 cipiendum
810 586 886 645 sit,
909 603 1204 650 quamquam
1228 587 1399 634 fuisset
1423 587 1556 634 aliud
1578 589 1780 636 verbum
1799 589 1891 637 Dei

221 651 259 679 ad
273 652 478 689 captivitatem.

505 661 738 724 scriptum
752 670 932 725 praeter
949 662 1109 726 legem
1119 663 1415 721 Mosaieam,
1425 679 1537 710 cum
1551 663 1890 726 interpretatio

500 736 665 800 legum
690 744 815 785 esset
837 753 986 801 penes
1010 754 1163 800 reges,
1184 738 1526 800 interpretatio
1553 739 1656 800 ejus
1681 739 1890 787 debebat

500 828 606 861 esse
623 829 772 876 penes
789 813 999 860 eosdem.
1039 813 1248 862 Quando
1263 812 1710 871 Deuteronomium,
1726 813 1777 861 in
1792 830 1889 877 quo

503 889 846 936 continebatur
862 888 944 936 lex
958 888 1210 947 Mosaiea,
1228 889 1375 950 longo
1393 897 1612 951 tempore
1627 889 1888 951 perditum,

501 980 668 1011 rursus
692 964 946 1011 inventum
965 971 1085 1023 erat,
1105 963 1391 1011 consuluere
1408 964 1604 1025 quidem
1622 965 1886 1014 Dominum

502 1039 779 1086 sacerdotes
816 1039 878 1086 de
912 1039 1046 1086 libro
1089 1038 1176 1086 illo
1195 1057 1211 1092 ,·
1246 1054 1348 1085 non
1385 1047 1551 1085 autem
1593 1040 1885 1088 auctoritate

501 1131 602 1171 sua,
624 1114 710 1161 sed
732 1114 1047 1176 praecipiente
1070 1114 1098 1161 J
1103 1114 1219 1170 osia,
1239 1128 1329 1160 nec
1354 1113 1650 1171 immediate,
1676 1114 1763 1162 sed
1796 1131 1886 1178 per

501 1189 715 1236 Holdam
737 1190 1108 1252 prophetissam.
1167 1189 1241 1236 Ex
1267 1205 1362 1251 quo
1388 1198 1605 1251 apparet,
1624 1191 1885 1239 auctorita-

497 1273 599 1312 tem
639 1265 929 1311 admittendi
962 1264 1118 1311 libros
1152 1280 1243 1326 pro
1279 1263 1426 1310 verbo
1462 1263 1564 1310 Dei
1604 1279 1704 1312 non
1734 1265 1883 1314 fuisse

495 1356 645 1403 penes
664 1340 990 1387 sacerdotem.
1040 1340 1212 1402 Neque
1236 1347 1401 1386 tamen
1426 1339 1644 1401 sequitur
1667 1342 1892 1388 auctori...

497 1421 652 1462 tatem
688 1415 819 1462 illam
855 1415 1002 1462 fuisse
1042 1430 1192 1477 penes
1230 1415 1583 1476 prophetissam
1604 1435 1616 1469 ;
1670 1416 1784 1478 quia
1821 1417 1882 1464 de

495 1490 763 1552 prophetis,
786 1498 954 1537 utrum
987 1506 1078 1552 pro
1109 1489 1235 1536 veris
1258 1489 1470 1536 habendi
1510 1497 1671 1537 essent
1709 1507 1879 1550 necne,

492 1565 780 1629 judicabant
804 1565 899 1612 alii.
972 1565 1220 1613 Quorsum
1252 1564 1382 1610 enim
1422 1563 1558 1611 dedit
1581 1565 1713 1612 Deus
1736 1574 1880 1614 notas

498 1648 548 1688 et
572 1641 712 1704 signa
731 1642 864 1688 omni
881 1640 1077 1703 populo,
1099 1639 1273 1703 quibus
1296 1638 1549 1701 prophetae
1562 1639 1666 1687 veri
1697 1657 1727 1688 a
1748 1641 1879 1690 falsis

497 1716 930 1780 distinguerentur,
954 1715 1184 1762 nimirum
1218 1714 1593 1777 praedictionum
1634 1724 1878 1776 eventum,

492 1800 546 1840 >et
571 1792 962 1840 conformitatem
999 1807 1110 1837 cum
1146 1789 1379 1852 religione
1417 1806 1447 1837 a
1473 1790 1611 1837 Mose
1635 1790 1877 1852 instituta,

495 1869 535 1915 si
558 1868 652 1916 illis
671 1868 805 1915 notis
828 1867 902 1913 uti
925 1882 1026 1914 non
1048 1865 1219 1913 liceret
1239 1865 1255 1912 ?
1324 1864 1608 1912 Auctoritas
1642 1881 1759 1929 ergo
1791 1868 1878 1916 ad-

492 1943 720 1991 mittendi
754 1943 903 1990 libros
938 1957 1029 2004 pro
1064 1940 1211 1988 verbo
1235 1939 1337 1987 Dei
1376 1956 1524 2003 penes
1555 1955 1722 2003 regem
1757 1950 1878 2002 erat,

492 2020 712 2082 adeoque
734 2019 857 2065 liber
879 2018 960 2064 ille
984 2017 1103 2079 legis
1122 2016 1419 2079 approbatus
1445 2022 1494 2063 et
1527 2023 1752 2079 receptus
1783 2017 1878 2066 fuit

492 2095 785 2142 auctoritate
808 2095 836 2141 J
841 2094 955 2141 osiae
977 2092 1122 2155 regis,
1142 2099 1199 2139 ut
1217 2098 1420 2154 apparet
1439 2107 1499 2138 ex
1517 2097 1545 2138 2
1564 2091 1685 2154 Reg.
1701 2092 1803 2139 xxii
1825 2100 1876 2141 et

492 2171 626 2230 xxiii,
663 2170 749 2217 ubi
778 2175 1005 2216 narratur
1038 2183 1331 2215 convocasse
1365 2183 1475 2214 eum
1498 2166 1639 2229 regni
1663 2166 1873 2226 ordines,

490 2263 666 2309 nempe
689 2262 848 2304 senes,
872 2243 1178 2302 sacerdoteS,
1199 2243 1495 2306 prophetas,
1516 2249 1566 2289 et
1584 2258 1765 2289 omnem
1778 2259 1874 2306 po-

481 2322 658 2386 pulum
678 2340 696 2376 ;
732 2329 782 2368 et
824 2336 988 2368 coram
1028 2318 1144 2382 ipsis
1187 2318 1367 2365 librum
1399 2317 1601 2381 legisse,
1644 2323 1693 2364 et
1722 2317 1873 2366 verba

469 2398 700 2462 foederis
731 2398 837 2459 ejus
873 2394 1161 2452 suscitasse,
1185 2393 1278 2440 hoc
1303 2399 1392 2449 est,
1428 2391 1599 2439 fecisse
1620 2397 1677 2438 ut
1687 2392 1872 2454 foedus

487 2474 609 2522 illud
631 2473 853 2536 agnitum
874 2471 1024 2518 fuerit
1036 2486 1125 2532 pro
1126 2469 1337 2532 foedere
1355 2467 1423 2515 M
1420 2467 1602 2525 osaicv,
1621 2466 1671 2513 id
1690 2475 1764 2514 est
1781 2484 1871 2530 pro

487 2549 635 2598 verbo
659 2548 777 2606 Dei,
813 2554 864 2594 et
901 2547 1063 2593 denuo
1087 2551 1340 2607 receptum
1366 2550 1416 2590 et
1439 2543 1778 2590 confirmatum
1808 2544 1869 2591 ab

488 2625 736 2673 Israelitis.
806 2624 926 2670 Erat
949 2637 1065 2683 ergo
1090 2621 1239 2668 etiam
1262 2618 1561 2682 temporibus
1583 2632 1754 2679 regum
1785 2635 1871 2681 po-

485 2708 636 2749 testas
662 2699 816 2747 civilis
840 2706 890 2745 et
918 2703 1134 2760 potestas
1159 2693 1474 2742 discernendi
1494 2690 1691 2739 verbum
1714 2692 1818 2740 Dei
1839 2710 1870 2742 a

485 2777 635 2824 verbo
656 2774 926 2830 hominum,
951 2779 1001 2818 et
1023 2769 1219 2817 verbum
1237 2768 1340 2816 Dei
1363 2766 1747 2830 interpretandi,
1764 2783 1869 2816 om-

485 2851 561 2899 nis
600 2865 749 2913 penes
770 2848 917 2912 ipsos.
986 2845 1244 2908 Prophetae
1276 2842 1412 2891 missi
1446 2848 1585 2890 erant
1623 2857 1723 2892 non
1755 2859 1866 2892 cum

2018 1401 2020 1425 a„
1998 1126 2020 1378 2„.au‘111.÷.-a.2.÷..2
2007 1043 2020 1112 4²...-
2015 990 2020 1012 Δ.
2010 955 2015 960 ›
2002 899 2014 903 ³
