2020 3262
465 253 536 286 ΒΕ
563 252 753 286 REGNo
784 252 875 285 DEI
906 251 1010 285 PER
1039 252 1327 287 NATURAM.
1496 246 1591 288 339

201 363 336 427 quod
369 364 605 413 occiderit
638 363 918 419 inimicum;
956 363 1088 427 quod
1116 363 1331 426 fugerit3
1369 366 1501 428 quod
1530 367 1593 414 sit

198 440 546 504 philosophus;
595 440 728 504 quod
762 447 944 499 orator,
985 446 1036 487 et
1075 439 1266 499 similia,
1310 456 1420 503 quae
1460 442 1593 505 apud

199 516 320 565 alios
333 517 387 564 in
399 516 601 576 honore,
617 517 723 565 aliis
731 515 1036 579 contemptui
1049 515 1295 563 habentur
1311 534 1322 563 :
1349 516 1592 580 insat-tie,

198 607 259 640 ea
295 608 405 656 quae
439 592 718 656 dependent
753 609 783 641 a
816 590 1173 640 consuetudine
1207 591 1318 650 loci,
1354 592 1433 639 vel
1467 609 1570 656 prae

197 667 392 732 scriptis
409 668 574 732 legum
591 668 806 717 civilium
822 688 834 723 3
866 674 937 726 ut,
951 667 1082 715 inter
1100 666 1425 726 salutandum,
1445 677 1593 731 caput

197 743 399 803 nudare,
420 744 608 793 calceos
623 744 885 808 deponere,
901 759 1078 808 corpus
1092 743 1346 803 inclinare,
1362 751 1591 804 stantem,

196 827 516 884 prostratum,
552 820 630 868 vel
665 820 871 884 genibus
915 819 1140 868 innixum
1185 818 1371 882 aliquid
1404 827 1591 883 petere,

195 896 584 945 ceremoniarum
614 896 853 955 formulae,
883 903 935 943 et
962 895 1152 943 similia.
1227 894 1403 943 Cultus
1427 902 1593 944 autem

195 971 294 1030 ille,
321 972 405 1035 qui
427 971 560 1036 apud
583 987 752 1020 omnes
775 979 827 1019 et
849 987 1040 1034 semper
1062 970 1366 1019 honorificus
1390 978 1479 1030 est,
1504 989 1594 1020 na-

196 1047 383 1096 turalis
398 1066 418 1103 ;
464 1047 588 1096 alter
623 1063 756 1106 ver0,
799 1047 883 1110 qui
923 1047 1033 1094 loca
1073 1055 1125 1095 et
1160 1061 1321 1095 mores
1354 1046 1592 1109 sequitur,

196 1123 510 1172 arbitrarius
534 1122 631 1170 dici
653 1129 831 1186 potest.

268 1204 344 1248 12.
367 1199 548 1258 Porro,
573 1197 737 1246 cultus
761 1213 865 1246 esse
890 1206 1055 1262 potest
1073 1198 1367 1262 imperatus,
1404 1198 1593 1246 scilicet

189 1275 330 1338 jussu
353 1275 458 1338 ejus
481 1274 566 1339 qui
601 1274 807 1330 colitur;
844 1282 895 1322 et
931 1281 1097 1338 potest
1125 1289 1230 1322 esse
1262 1280 1589 1338 spontaneus,

193 1350 427 1398 nimirum
462 1349 573 1398 talis
609 1349 765 1414 qualis
802 1350 1050 1398 videbitur
1085 1350 1282 1398 colenti.
1354 1349 1406 1397 Si
1439 1350 1593 1414 impe-

193 1432 356 1486 ratus,
397 1426 630 1486 actiones,
669 1443 780 1490 quae
816 1426 1129 1485 adhibentur,
1166 1442 1269 1474 non
1311 1425 1593 1489 significant

191 1501 431 1551 honorem
469 1509 527 1550 ut
568 1501 715 1561 tales,
754 1502 842 1550 sed
877 1509 934 1550 ut
969 1502 1260 1566 imperatoe:
1311 1501 1592 1564 significant

193 1577 325 1626 enim
339 1577 671 1626 obedientiam
685 1577 982 1638 immediate,
997 1577 1278 1626 obedientia
1284 1577 1564 1642 potentiam
1573 1597 1592 1633 ;

191 1653 265 1702 ita
285 1659 344 1702 ut
365 1652 531 1701 cultu-s·
549 1653 828 1717 imperatus
846 1654 1082 1702 consistat
1099 1653 1392 1702 obedientia.
1428 1653 1593 1718 Spon-

195 1736 373 1778 taneuss
397 1729 503 1777 sola
528 1735 706 1778 natura
733 1729 983 1777 actionum
1024 1730 1082 1777 fit
1118 1729 1445 1785 honorificus;
1483 1745 1592 1792 quae

1632 392 1760 424 SECT.
1781 393 1851 426 111.

1722 445 1771 474 15.

1611 1206 1712 1235 Alium
1731 1208 1845 1245 jussum
1852 1230 1858 1242 ,

1611 1251 1701 1279 alium
1715 1260 1798 1288 spon-

1610 1298 1737 1323 taneum⁴

192 1805 235 1854 si
247 1805 449 1854 honoris
466 1805 804 1868 significativae
819 1806 917 1853 sint
935 1805 1067 1870 apud
1087 1812 1380 1869 spectantes,
1399 1803 1564 1853 cultus
1573 1823 1611 1859 ;¹

193 1881 338 1929 aliter
361 1880 658 1929 contumelia
683 1889 772 1930 est.
826 1882 1028 1942 Rursus,
1053 1882 1217 1930 cultus
1240 1882 1318 1931 vel
1333 1881 1590 1947 publicus,

193 1956 272 2005 vel
291 1956 530 2021 privatus
554 1972 658 2005 esse
680 1965 858 2021 potest.
929 1957 1170 2006 Publicus
1193 1966 1360 2006 autem
1383 1965 1592 2022 sponta-

193 2049 315 2081 neus
350 2048 457 2081 esse
496 2041 725 2097 respectu
760 2034 1025 2083 colentium
1053 2034 1358 2098 singulorum
1381 2050 1481 2082 non
1503 2050 1592 2097 po-

193 2115 319 2164 test3
355 2117 584 2173 respectu
619 2110 848 2170 civitatis,
880 2118 1060 2174 potest.
1130 2111 1255 2159 Cum
1291 2111 1422 2158 enim
1459 2110 1592 2173 quod

193 2192 464 2249 spontanee
481 2186 553 2245 fit,
572 2186 775 2234 arbitrio
792 2187 879 2234 fiat
901 2186 1141 2246 facientis,
1160 2202 1262 2234 non
1286 2193 1414 2234 esset
1432 2186 1592 2234 cultus

192 2276 321 2309 unus
346 2261 430 2324 qui
453 2261 782 2320 exhiberetur,
819 2262 906 2311 sed
927 2269 1005 2311 tot
1033 2262 1192 2310 cultus
1217 2269 1336 2326 quot
1360 2262 1591 2321 colentes,

193 2337 288 2386 nisi
304 2337 448 2386 unius
465 2338 670 2401 imperio
689 2339 892 2387 arbitria
909 2339 1127 2387 omnium
1149 2339 1422 2387 unirentur.
1472 2338 1592 2385 Pri-

194 2420 340 2462 vatus
363 2420 530 2462 autem
559 2421 865 2479 spontaneus
889 2431 994 2464 esse
1017 2422 1195 2479 potest,
1229 2416 1270 2464 si
1304 2415 1593 2463 exhibeatur

177 2486 399 2538 secreto.
494 2491 641 2540 Quod
683 2491 814 2539 enim
850 2491 1014 2555 palam
1055 2492 1128 2551 fit,
1170 2492 1246 2539 vel
1286 2491 1475 2555 legibus
1514 2491 1592 2539 vel

193 2565 491 2615 verecundia
515 2566 783 2615 coercitum
815 2574 917 2623 est;
950 2567 1083 2630 quod
1113 2574 1302 2616 naturae
1326 2567 1593 2631 spontanei

175 2684 178 2688 .
194 2641 498 2690 adversatur.

267 2723 342 2767 13.
380 2718 450 2766 Ut
486 2726 667 2776 autem,
701 2719 785 2782 qui
826 2719 890 2766 sit
931 2719 1130 2767 colendi
1167 2719 1289 2767 alios
1325 2736 1508 2784 scopus
1543 2727 1594 2768 et

179 2793 327 2856 finis,
363 2801 705 2858 cognoscatur,
741 2794 1100 2843 consideranda
1132 2810 1279 2843 causa
1313 2802 1402 2854 est,
1442 2811 1593 2860 quare

195 2868 418 2918 homines
454 2869 591 2919 cultu
624 2870 886 2934 gaudeant.
959 2870 1262 2918 Sumendum
1303 2870 1468 2919 autem
1503 2879 1591 2931 est,

1362 2963 1391 2995 z
1419 2962 1437 2991 2

1612 2733 1687 2766 Quis
1700 2733 1737 2761 sit
1750 2733 1848 2762 cultus

1611 2776 1680 2806 finis
1695 2786 1747 2806 seu
1761 2787 1874 2816 scopus-
