2020 3262
500 224 591 267 294
1028 241 1328 275 IMPERIUM.

246 365 371 397 sacr.
393 365 459 396 111.
498 363 694 397 numero
708 364 899 412 magno,
914 351 1274 414 magistratibus
1295 350 1498 413 publicis
1520 351 1743 405 resistere
1764 365 1866 400 non

262 417 447 485 ,ἐξ-κ
504 423 692 482 seditio,
716 423 800 471 sed
823 424 1091 487 desperatio
1115 432 1203 473 est.
1274 426 1363 472 Per
1386 425 1704 472 instrumenta
1720 414 1866 473 ⁴intel-

499 499 597 562 ligo
621 515 762 547 arma
797 506 845 547 et
882 507 1204 559 commeatum,
1230 517 1336 563 quae
1368 500 1408 547 si
1444 500 1616 558 absint,
1639 515 1870 549 numerus

500 575 619 622 nihil
641 575 782 634 valet,
808 575 932 622 sicut
965 591 1122 638 neque
1159 591 1293 623 arma
1327 575 1429 622 sine
1461 581 1625 623 mutua
1648 574 1866 637 fiducia,

499 666 656 712 neque
677 650 782 697 haec
806 650 966 697 omnia
988 650 1089 697 sine
1107 651 1285 698 unione
1320 651 1407 697 sub
1433 650 1556 703 duee
1589 650 1765 712 aliquo,
1789 649 1868 697 cui

499 724 709 783 obedire,
732 740 831 772 non
853 732 908 772 ut
930 725 1127 787 obligati
1146 725 1276 787 quod
1299 741 1348 772 se
1371 725 1520 788 ipsius
1538 724 1740 788 imperio
1755 724 1866 772 sub-

499 799 731 858 miserint,
760 799 1114 863 (supposuimus
1149 800 1276 847 enim
1314 801 1408 847 hoc
1438 800 1544 862 ipso
1580 799 1753 863 capite,
1775 799 1867 847 hu-

494 874 706 937 jusmodi
741 874 956 922 homines
979 875 1165 922 nescire
1190 891 1239 922 se
1263 875 1466 938 obligari
1489 875 1619 922 ultra
1652 874 1705 922 id
1737 873 1869 937 quod

499 949 690 997 sibimet
727 949 842 1012 ipsis
877 955 1063 996 rectum
1086 956 1134 997 et
1168 950 1349 997 bonum
1381 950 1537 997 visum
1572 948 1755 1011 fuerit,)
1782 948 1868 997 sed

498 1030 696 1088 propter
726 1023 1127 1071 existimationem
1149 1024 1356 1083 virtutis,
1378 1032 1427 1072 et
1449 1023 1721 1087 prudentiae
1742 1023 1868 1071 mili-

499 1099 631 1157 taris,
670 1098 747 1145 vel
785 1099 1143 1146 similitudinem
1176 1100 1450 1158 affectuum,
1491 1106 1663 1162 sponte
1701 1098 1867 1146 velint.

503 1175 723 1223 Quatuor
762 1174 866 1221 haec
906 1174 945 1221 si
967 1175 1241 1222 hominibus
1277 1174 1536 1237 praesentia
1573 1174 1774 1222 moleste
1795 1173 1868 1221 fe-

499 1248 730 1306 rentibus,
755 1255 803 1296 et
836 1250 916 1311 jus
947 1249 1191 1296 actionum
1230 1264 1424 1296 suarum
1459 1249 1655 1311 proprio
1681 1247 1869 1311 judicio

499 1322 820 1382 metientibus,
854 1323 906 1370 in
944 1323 1214 1386 propinquo
1248 1324 1360 1383 sint,
1396 1324 1459 1371 ad
1494 1323 1783 1371 seditionem
1817 1330 1871 1370 et

501 1397 707 1445 civitatis
733 1397 1059 1445 confusionem
1092 1407 1328 1461 praeterea
1362 1399 1482 1446 nihil
1520 1399 1656 1447 deest
1690 1405 1870 1462 praeter

500 1473 723 1537 aliquem,
742 1472 827 1535 qni
849 1472 984 1536 ipsos
1008 1481 1158 1521 acuat
1175 1480 1226 1521 et
1248 1474 1473 1521 concitet.

224 1570 333 1604 mnus,
346 1578 484 1606 μορυς
575 1554 648 1595 12.
685 1547 929 1606 Catalinae,
963 1563 1057 1610 quo
1092 1564 1235 1595 nemo
1266 1564 1479 1610 unquam
1510 1548 1663 1610 magis
1693 1547 1756 1595 ad
1793 1563 1868 1595 se-

225 1612 482 1641 ⁶⁵t⁸d⁸effiti⁰¹¹e⁸
501 1622 708 1669 ditiones
730 1621 885 1669 factus
905 1621 1013 1680 fuit,
1043 1622 1292 1669 character
1326 1622 1455 1684 apud
1490 1622 1751 1678 Salustium
1787 1621 1869 1670 hic

225 1656 401 1689 excitandas,
414 1656 474 1683 sola

224 1699 451 1780 ‘jssss‘gufflssnegss
501 1705 589 1756 est,
613 1697 744 1760 quod
763 1697 964 1744 haberet
988 1696 1275 1760 eloquentia
1310 1697 1454 1754 satis,
1477 1697 1740 1761 sapientioe
1766 1713 1868 1762 pa-

500 1789 620 1820 rum.
691 1772 893 1835 Separat
914 1771 994 1819 ille
1017 1772 1317 1836 sapientiam
1339 1772 1400 1818 ab
1424 1771 1718 1835 eloquentia,
1741 1771 1870 1820 hauc

499 1848 684 1895 homini
706 1847 769 1895 ad
791 1848 958 1912 turbas
981 1855 1098 1895 nato
1132 1853 1189 1894 ut
1222 1847 1545 1894 necessariam
1583 1847 1870 1904 attribuens,

499 1924 631 1971 illam
651 1930 707 1971 ut
727 1923 858 1986 pacis
882 1923 1181 1970 dictatricem
1206 1922 1500 1986 abjudicans.
1566 1921 1870 1986 Eloquentia

500 2006 662 2046 autem
686 1998 861 2061 duplex
885 2004 986 2053 est;
1024 1998 1177 2045 altera
1200 1997 1454 2045 sententiae
1476 2005 1526 2045 et
1548 2003 1868 2061 conceptuum

500 2074 648 2121 animi
685 2073 939 2136 perspicua
974 2079 1023 2121 et
1058 2074 1251 2136 elegans
1288 2073 1585 2136 explicatrix,
1620 2073 1870 2138 oriturque

501 2148 678 2212 partim
695 2165 725 2196 a
747 2164 908 2195 rerum
938 2149 1151 2211 ipsarum
1175 2148 1595 2211 contemplatione,
1632 2147 1808 2210 partim
1837 2163 1871 2194 a

500 2225 756 2271 verborum
778 2223 830 2270 in
852 2223 1049 2286 propria
1082 2231 1131 2271 et
1167 2223 1367 2271 definita
1402 2221 1752 2286 significatione
1786 2238 1867 2270 ac-

503 2305 753 2362 ceptorum
774 2298 1120 2361 intelligentia3
1151 2298 1305 2345 altera
1327 2303 1400 2345 est
1420 2298 1679 2344 affectuum
1700 2296 1865 2356 animi,

501 2373 664 2436 quales
705 2380 816 2420 sunt
852 2389 982 2436 spec,
1002 2380 1174 2431 metus,
1209 2373 1307 2431 ira,
1339 2371 1698 2430 misericordia,
1734 2387 1866 2419 com-

499 2448 692 2507 motrix,
717 2447 962 2510 oriturque
990 2463 1050 2494 ex
1072 2464 1165 2495 usu
1185 2448 1443 2495 verborum
1464 2445 1792 2508 metaphorico
1816 2453 1866 2494 et

498 2523 562 2570 ad
584 2523 783 2570 affectus
801 2521 1179 2569 accommodato.
1250 2521 1339 2571 Illa
1361 2537 1418 2568 ex
1441 2520 1565 2568 veris
1587 2520 1865 2583 principiis;

495 2598 600 2646 haec
624 2613 682 2645 ex
713 2599 813 2660 jam
835 2597 1039 2660 receptis
1075 2597 1393 2660 opinionibus,
1418 2595 1772 2658 qualescunque
1795 2611 1867 2645 eae

497 2674 607 2732 sint,
650 2673 914 2721 orationem
960 2673 1095 2720 texit.
1179 2672 1312 2719 Illius
1356 2686 1432 2718 ars
1476 2670 1665 2732 logica;
1722 2671 1867 2734 hujus

497 2749 738 2796 rhetorica
752 2755 837 2796 est.
874 2748 1006 2795 Illius
1023 2748 1133 2794 finis
1151 2747 1328 2795 veritas
1347 2752 1418 2792 est
1435 2765 1446 2799 3
1481 2744 1629 2816 hujus
1646 2744 1862 2794 victoria.

500 2824 715 2886 Utraque
739 2840 877 2872 suum
900 2839 1040 2872 usum
1057 2823 1218 2880 habet,
1242 2821 1324 2869 illa
1338 2821 1388 2868 in
1411 2820 1864 2876 deliberationibus;
