2020 3262
505 252 600 295 380
736 292 739 295 ,
1067 266 1314 301 RELIGIO.
1430 272 1434 275 ·
1962 0 2020 311 1

240 389 370 424 εΕοΤ.
388 391 460 425 111.
501 372 622 420 tiam
638 375 963 436 praestandam
986 383 1099 425 ante
1122 384 1319 441 pactum
1342 377 1533 436 initum,
1559 378 1598 426 si
1616 379 1886 442 judicasset

256 486 263 495 ,
336 441 384 474 ¹⁷·
440 489 446 498 .
503 447 562 495 de
587 450 931 512 quaestionibus
955 453 1111 513 juris,
1135 469 1279 501 nemo
1316 453 1571 501 sententiae
1607 455 1710 517 ejus
1746 461 1883 504 tene-

216 532 484 607 ffffirffllfflgisfi
500 531 636 571 retur
659 525 868 574 obedire.
940 527 1037 574 Sed
1073 528 1403 590 cognitionem
1440 528 1564 590 juris
1597 545 1696 576 non
1733 529 1881 578 fuisse

217 620 435 649 nonsuissefm.
502 598 746 648 CHRISTO
775 602 1082 649 commissam
1119 603 1169 649 in
1204 604 1298 651 hoc
1334 603 1533 660 mundo,
1557 619 1716 667 neque
1749 605 1882 654 inter

216 663 349 699 Pmm'
368 665 452 736 ⁵⁶22
498 673 663 723 fideles
701 692 859 739 neque
899 677 1028 724 inter
1055 677 1290 737 infideles,
1325 695 1385 725 ex
1416 694 1473 725 eo
1504 686 1722 741 apparet,
1747 679 1881 743 quod

216 706 380 741 consilium,
392 708 417 736 si

216 749 421 821 fflgi‘jlffissgt
492 749 571 811 jus
595 749 715 797 illud
739 751 841 798 sine
866 753 1197 799 controversia
1225 753 1469 816 pertineat
1499 753 1562 801 ad
1592 753 1877 818 principes,

214 836 439 871 persuasionem.
497 825 729 887 quamdiu
758 826 1037 874 auctoritati
1061 843 1228 875 eorum
1265 845 1294 875 a
1330 828 1435 876 Deo
1459 844 1560 876 non
1597 828 1876 892 derogatur.

496 899 611 947 Non
635 909 799 948 autem
824 901 1086 965 derogatur
1109 910 1220 951 ante
1242 904 1371 951 diem
1389 903 1577 966 judieii,
1601 910 1658 951 ut
1675 910 1878 967 apparet

494 992 556 1024 ex
580 978 740 1024 verbis
765 978 921 1026 sancti
945 978 1079 1025 Pauli
1101 979 1344 1041 loquentis
1369 979 1428 1026 de
1454 979 1531 1026 die
1550 979 1753 1041 judicii:
1791 978 1877 1027 de-

495 1043 610 1090 inde
629 1045 776 1105 finis,
808 1045 967 1107 inquit
1003 1045 1048 1107 (l
1081 1045 1191 1093 Cor.
1217 1062 1295 1093 xv.
1321 1046 1407 1108 24)
1452 1062 1558 1093 cnm
1597 1045 1876 1094 tradiderit

492 1135 699 1182 regnam
734 1119 846 1166 Deo
883 1126 933 1167 et
969 1121 1129 1183 patri,
1178 1138 1283 1167 cum
1330 1120 1652 1168 evacuaverit
1691 1137 1875 1169 omnem

481 1193 830 1257 principatum
853 1201 903 1241 et
922 1201 1224 1258 potestatem
1247 1201 1298 1242 et
1320 1195 1567 1243 virtutem.
1628 1194 1873 1256 Secundo,

489 1269 637 1315 verba
662 1268 932 1316 Servatoris
954 1271 1122 1329 nostri,
1147 1271 1175 1318 J
1179 1272 1384 1318 acobum
1402 1278 1452 1318 et
1473 1271 1502 1318 J
1506 1271 1763 1330 ohannem,
1787 1270 1873 1319 ubi

490 1343 727 1390 dixissent
766 1345 903 1405 (Luc.
927 1345 992 1392 ix.
1020 1345 1103 1407 54)
1148 1346 1224 1392 vis
1262 1346 1486 1393 dicamus
1523 1352 1578 1392 ut
1609 1346 1748 1410 ignis
1785 1347 1872 1394 de-

489 1418 700 1466 scendat
719 1417 781 1465 de
805 1418 929 1466 coelo
947 1426 997 1466 et
1021 1426 1273 1466 consumat
1298 1420 1430 1477 illos,
1447 1420 1678 1468 nimirum
1695 1420 1870 1468 Sama-

489 1493 686 1540 ritanos
718 1494 801 1556 qui
833 1501 1029 1542 euntem
1065 1494 1116 1541 in
1150 1495 1419 1542 Jerusalem
1454 1496 1718 1544 noluerunt
1753 1496 1866 1544 hos-

487 1569 611 1632 pitio
646 1569 881 1631 accipere,
916 1569 1213 1633 increpantis
1249 1570 1550 1633 dicentisque
1579 1570 1722 1633 (vers.
1745 1572 1829 1634 56)
1854 1591 1866 1619 ι

489 1643 654 1692 Filius
677 1644 887 1691 hominis
910 1661 1006 1692 non
1033 1645 1165 1692 venit
1189 1645 1381 1693 anima-s*
1396 1645 1621 1710 perdere
1654 1645 1747 1693 sed
1766 1645 1871 1694 sal-

490 1736 642 1768 vare:
679 1726 728 1767 et
761 1720 845 1767 illa
886 1720 1085 1782 (Matth.
1110 1737 1156 1768 x.
1188 1720 1300 1782 16):
1343 1737 1456 1768 ecce
1498 1720 1638 1767 mitto
1673 1737 1774 1780 vos,
1814 1727 1871 1769 ‘at
1912 1744 1914 1748 ’

490 1810 603 1842 oves
638 1795 689 1842 in
720 1795 879 1842 medio
912 1795 1167 1859 luporum:
1205 1796 1424 1843 eoecutite
1440 1795 1712 1860 pulverem,
1736 1803 1786 1844 et
1808 1797 1870 1845 si-

487 1870 653 1917 milia:
691 1877 740 1918 et
762 1871 910 1918 verba
932 1871 1015 1918 illa
1042 1870 1172 1932 (Joh.
1198 1871 1266 1918 iii.
1293 1870 1372 1933 17)
1398 1889 1408 1917 :
1445 1887 1539 1917 non
1570 1870 1707 1918 misit
1727 1870 1869 1919 Deus

470 1944 640 2006 filium
664 1962 802 1993 saum
825 1945 876 1992 in
900 1945 1026 1992 hunc
1050 1945 1290 2004 mundum,
1323 1952 1378 1992 ut
1399 1944 1601 2008 judicet
1624 1944 1867 2004 mundum,

487 2021 581 2068 sed
619 2027 672 2067 ut
707 2019 929 2067 salvetur
953 2019 1157 2067 mundas
1187 2036 1284 2084 per
1321 2019 1488 2067 illam:
1525 2026 1575 2067 et
1611 2019 1696 2068 illa
1733 2019 1864 2082 (Joh.

485 2095 567 2142 xii.
594 2095 678 2158 47)
705 2114 716 2141 ε
753 2095 799 2142 si
823 2094 935 2158 quis
959 2094 1182 2141 audierit
1215 2093 1366 2141 verba
1401 2110 1509 2141 mea
1546 2100 1597 2141 et
1627 2111 1723 2142 non
1754 2111 1864 2142 cus-

486 2170 711 2227 todierit,
747 2186 842 2233 ego
859 2193 861 2195 v
879 2186 974 2216 non
993 2169 1174 2231 judico
1199 2185 1304 2216 eam
1322 2187 1343 2224 ,·
1380 2186 1476 2216 non
1508 2169 1634 2216 enim
1656 2169 1780 2228 veni,
1805 2175 1862 2216 at

471 2246 696 2308 judicem
719 2244 959 2303 mundam,
979 2252 1090 2292 etc.:
1127 2244 1393 2292 ostendunt
1414 2260 1515 2292 non
1535 2243 1683 2292 fuisse
1698 2243 1863 2292 datam

484 2322 530 2368 ei
551 2327 846 2384 potestatem
870 2336 1162 2383 quemquam
1197 2318 1569 2378 condemnandi,
1601 2325 1685 2367 aut
1714 2319 1858 2381 puni-

485 2397 613 2445 endi.
649 2397 852 2460 Legitur
866 2395 1061 2458 quidem
1077 2395 1123 2456 (J
1127 2395 1205 2442 oh.
1220 2411 1267 2441 v,
1289 2394 1373 2456 22)
1399 2412 1410 2441 ε
1428 2401 1586 2458 pater
1609 2409 1703 2441 non
1713 2393 1859 2456 jadi-

483 2479 570 2519 cat
615 2487 917 2536 quemquam,
964 2469 1056 2517 sed
1095 2486 1230 2517 omne
1256 2469 1506 2531 judicium
1538 2467 1679 2515 dedit
1705 2467 1857 2529 filio:

482 2548 604 2596 illud
641 2563 773 2606 vero,
815 2562 926 2594 cum
964 2545 1170 2608 intelligi
1203 2544 1358 2608 possit
1392 2551 1443 2592 et
1473 2544 1646 2592 debeat
1682 2542 1742 2590 de
1778 2542 1857 2592 die

476 2623 651 2688 judicii
668 2622 837 2682 futuri,
856 2621 1255 2670 antecedentibus
1277 2635 1379 2668 non
1395 2625 1650 2683 repugnat.
1709 2617 1857 2671 Quod

478 2700 691 2762 denique
722 2699 894 2746 missus
928 2713 1029 2745 non
1064 2697 1126 2745 sit
1159 2697 1223 2744 ad
1258 2696 1389 2759 leges
1428 2709 1577 2742 novas
1612 2692 1852 2754 ferendas,

480 2791 639 2838 neque
685 2790 801 2837 ergo
847 2773 995 2821 fuerit
1041 2788 1098 2820 ex
1142 2772 1299 2819 officio
1339 2777 1388 2818 et
1423 2768 1650 2816 missione
1696 2767 1851 2832 legis-

478 2850 612 2897 lator
635 2849 831 2912 proprie
856 2849 1028 2906 dictus,
1060 2847 1204 2894 sicuti
1225 2861 1382 2908 neque
1413 2844 1591 2902 Moses,
1618 2842 1703 2890 sed
1724 2842 1852 2892 lator

476 2934 525 2974 et
563 2926 897 2992 promulgator
935 2924 1098 2986 legum
1138 2927 1450 2985 paternarum
1500 2918 1652 2982 (Deus
1700 2917 1846 2980 enim,
