2020 3262
289 292 361 325 DE
386 291 528 325 JURE
556 290 862 324 PARENTUM
891 289 950 322 IN
979 288 1234 332 menime,
1263 288 1382 321 ETc.
1453 279 1544 322 261

152 417 254 451 non
277 403 441 451 habet.
501 402 734 451 Similiter
756 401 805 448 in
832 399 1181 457 aristocratia,
1197 399 1436 446 moriente
1454 415 1553 446 uno
1594 423 1721 455 SECT,
1740 421 1808 455 111.

154 479 448 542 optimatum
471 478 646 541 aliquis
665 477 787 525 alius
808 476 858 523 in
877 476 980 539 ejus
1004 475 1166 522 locum
1190 491 1220 521 a
1239 474 1426 521 caeteris
1442 475 1554 521 sub-
1685 475 1714 505 9·

154 554 407 602 stituitur:
443 554 652 617 ideoque
691 552 785 600 nisi
823 551 966 598 simul
1003 550 1248 608 deficiant,
1271 550 1404 612 quod
1443 565 1555 612 sup-

153 645 285 693 pono
308 646 562 693 nunquam
577 628 815 685 accidere,
835 626 1086 674 successio
1102 625 1240 673 nulla
1255 633 1343 671 est.
1383 624 1556 672 Quaes-

152 705 224 753 tio
247 705 399 768 igitur
433 704 495 752 de
524 706 635 768 jure
659 701 991 751 successionis
1030 701 1082 748 in
1123 701 1227 748 sola
1261 700 1555 747 monarchia

153 779 388 827 absoluta
410 779 575 827 locum
597 779 764 826 habet.
799 778 929 825 Nam
954 777 1037 840 qui
1056 776 1121 824 ad
1142 784 1337 840 tempus
1362 783 1556 823 tantum

153 871 400 904 summum
423 862 654 903 exercent
680 853 958 917 imperium,
983 869 1084 901 non
1107 861 1224 901 sunt
1245 851 1338 915 ipsi
1361 866 1557 898 monar-

153 930 278 990 chae,
303 930 390 979 sed
413 930 633 977 ministri
657 929 883 977 civitatis.
1404 985 1409 989 .

152 1038 154 1040 v
228 1013 303 1056 12.
341 1006 557 1054 Primum
603 1013 785 1064 autem,
825 1005 866 1052 si
908 1005 1177 1053 monarcha
1222 1019 1558 1052 successorem
1575 1007 1740 1036 Monarcha
1749 1016 1798 1044 ps*

1575 1055 1631 1079 test
1656 1060 1804 1079 summum

155 1082 250 1133 sibi
263 1089 560 1131 testamento
575 1082 856 1140 instituerit,
871 1081 1128 1129 institutus
1143 1080 1392 1129 succedet.
1430 1079 1558 1126 Nam
1575 1095 1728 1145 imperium
1738 1095 1805 1122 cm·-

157 1159 199 1207 si
216 1175 248 1207 a
260 1158 456 1226 populo
480 1158 780 1217 instituatur,
804 1157 1008 1205 habebit
1033 1174 1177 1205 omne
1207 1158 1288 1221 jus
1312 1156 1364 1203 in
1388 1156 1559 1203 civita-
1576 1142 1807 1219 ἷζῗίζξζῗζῗζῗ

157 1242 259 1283 tem
283 1234 417 1299 quod
440 1233 666 1298 populus
700 1234 914 1281 habebat
934 1252 944 1280 :
981 1241 1039 1281 ut
1063 1242 1316 1282 ostensum
1341 1240 1415 1279 est
1440 1231 1559 1295 Cap.

157 1326 255 1360 vn.
273 1317 367 1359 art.
393 1316 440 1359 2.
479 1309 577 1357 Sed
590 1309 814 1374 populus
834 1310 998 1373 potuit
1012 1310 1173 1373 ipsum
1193 1310 1372 1373 eligere
1393 1329 1404 1364 3
1441 1324 1559 1371 ergo

157 1387 332 1436 eodem
349 1387 461 1450 jure
484 1386 589 1449 ipse
607 1386 771 1433 alium.
844 1385 942 1433 Sed
965 1386 1016 1433 in
1040 1402 1198 1451 regno
1223 1386 1371 1433 etiam
1386 1384 1562 1449 patri-

158 1462 363 1512 moniali
386 1461 558 1511 eadem
576 1470 691 1510 sunt
709 1463 838 1525 jura,
865 1462 1043 1525 quaein
1063 1462 1356 1510 iustitutiw.
1395 1461 1562 1510 Quare

158 1538 427 1588 monarcha
442 1538 600 1587 omnis
622 1545 786 1602 potest
801 1553 1136 1585 successorem
1155 1538 1248 1585 sibi
1266 1544 1564 1585 testamento

157 1615 338 1669 facere.

233 1698 309 1740 13.
348 1691 498 1740 Quod
532 1698 697 1738 autem
736 1690 844 1753 quis
881 1697 1179 1738 testamento
1213 1689 1479 1738 transferre
1510 1689 1563 1736 in
1581 1697 1774 1730 Veldonare·

159 1769 312 1817 alium
338 1775 521 1832 potest,
561 1767 613 1815 id
654 1767 829 1814 eodem
862 1768 973 1830 jure
1016 1767 1201 1814 donare
1236 1767 1316 1814 vel
1351 1765 1564 1814 vendere
1580 1741 1773 1771 velvendere.

160 1845 330 1894 vivens
367 1850 546 1908 potest.
619 1843 905 1906 Cuicunque
937 1859 1055 1907 ergo
1079 1843 1120 1891 is
1145 1859 1388 1891 summum
1411 1842 1566 1905 impe-

162 1921 291 1970 rium
312 1919 574 1969 tradiderit
598 1919 699 1966 sive
724 1919 854 1966 dono
881 1919 982 1967 sive
1004 1919 1186 1982 precio,
1201 1920 1313 1982 jure
1335 1918 1564 1966 traditur.

238 2002 314 2045 14.
351 1994 501 2045 Quod
524 1994 566 2042 si
595 2010 756 2058 neque
779 2001 1089 2054 testamento,
1114 2011 1272 2058 neque
1297 1994 1455 2053 aliter,
1479 2010 1565 2042 vo-
1584 2005 1804 2035 Monarchain-

147 2073 405 2122 ·luntatem
450 2087 590 2119 suam
629 2071 690 2119 de
736 2087 1026 2119 successore
1069 2071 1238 2119 vivens
1284 2053 1820 2131 declaravit,{,⁶}2⁸3‡1¹‡ssi1i{{{¹12r

163 2148 456 2212 intelligitur
490 2147 705 2211 primum
740 2147 954 2195 noluisse
978 2162 1090 2194 eum
1128 2146 1290 2194 redire
1315 2146 1564 2194 civitatem
1581 2137 1802 2209 fflssass‘gffijbi

163 2225 231 2274 ad
252 2223 535 2273 anarchiam
553 2223 654 2270 sive
671 2230 855 2270 statum
867 2222 998 2280 belli,
1018 2222 1071 2270 id
1094 2231 1183 2282 est,
1209 2222 1273 2270 ad
1295 2222 1564 2286 perniciem
1583 2233 1793 2253 ⁸¹¹⁰⁰²³⁸⁰¹0¹¹¹=

165 2301 348 2351 civium
370 2318 382 2347 z
419 2306 529 2347 tum
552 2298 666 2362 quia
688 2315 790 2346 non
826 2298 989 2362 potuit
1025 2298 1077 2346 id
1100 2298 1262 2347 facere
1287 2299 1390 2346 sine
1413 2298 1566 2346 viola-

162 2378 302 2427 tione
323 2377 490 2440 legum
513 2374 827 2434 naturalium,
847 2375 1022 2438 quibus
1046 2375 1099 2422 in
1120 2375 1229 2423 foro
1253 2375 1566 2424 conscientiae

166 2456 413 2520 obligatus
438 2461 544 2503 erat
566 2453 631 2502 ad
653 2454 818 2501 omnia
853 2470 962 2517 quae
985 2454 1049 2502 ad
1082 2470 1255 2517 pacem
1289 2453 1566 2502 necessario

168 2532 484 2581 conducunt:
520 2537 627 2578 tum
651 2530 800 2578 etiam
825 2530 939 2593 quia
979 2531 1019 2578 si
1051 2530 1299 2589 voluisset,
1323 2547 1425 2578 non
1463 2537 1569 2578 erat

170 2607 366 2657 difficile
410 2607 463 2655 id
507 2615 676 2670 aperte
719 2606 1006 2655 declarasse.
1076 2607 1282 2666 Deinde,
1330 2606 1448 2670 quia
1487 2606 1568 2669 jus

169 2684 348 2733 transit
370 2683 641 2732 seeundum
663 2683 970 2731 voluntatem
992 2683 1162 2746 patris,
1178 2682 1477 2731 censendum
1496 2688 1570 2730 est

171 2759 232 2808 de
250 2776 539 2808 successore
555 2776 645 2823 per
667 2760 807 2823 signa
828 2759 1093 2807 voluntatis
1117 2760 1237 2822 ejus.
1273 2758 1572 2822 Intelligitur

170 2851 291 2900 ergo
314 2836 527 2887 voluisse
552 2851 664 2883 eum
688 2835 911 2883 subditos
943 2851 1056 2883 suos
1080 2836 1170 2883 sub
1202 2835 1440 2899 regimine
1464 2851 1571 2883 esse

170 2912 502 2972 monarchia-0,
530 2911 693 2976 potius
718 2928 865 2976 quam
895 2911 1020 2967 alio;
1061 2919 1325 2976 propterea
1356 2911 1489 2975 quod
1522 2918 1573 2960 et
