2020 3262
438 251 533 293 264
660 289 663 292 ⁴
969 265 1270 298 IMPERIUM.

970 562 1182 609 CAPUT
1216 562 1279 608 X.

510 667 778 700 SPECIERUM
820 668 973 700 TRIUM
997 668 1228 700 CIVITATIS
1259 667 1420 704 QUOAD
1446 666 1733 700 INCOMMODA

805 735 1112 766 SINGULARUM
1136 735 1455 766 COMPARATIO.

439 811 474 847 1.
504 809 748 859 Comparatio
766 815 884 847 status
912 811 1092 847 naturalis
1111 823 1199 847 cum
1231 816 1331 848 statu
1364 811 1476 848 civili.
1531 813 1567 848 2.
1596 810 1824 860 Imperantis

488 875 527 907 et
544 871 684 907 civium
703 871 835 908 eadem
862 876 951 908 sunt
969 871 1169 908 commoda
1196 876 1232 908 et
1251 871 1503 909 incommoda.
1557 874 1592 909 3.
1621 871 1823 909 Commen-

489 931 592 968 datio
628 932 869 969 monarchiae.
922 935 959 969 4.
988 931 1174 981 Regimen
1211 933 1322 969 unius
1358 945 1435 969 non
1472 944 1566 969 esse>
1588 944 1634 969 eo
1669 933 1823 970 nomine

488 993 674 1041 iniquum,
693 992 797 1041 quod
816 1005 914 1029 unus
932 992 1016 1041 plus
1035 993 1152 1041 possit
1171 993 1317 1030 caeteris
1341 993 1528 1030 omnibus.
1582 995 1620 1031 5.
1649 992 1822 1043 Rejectio

490 1053 678 1102 opinionis
708 1066 840 1090 eorum
873 1054 939 1102 qui
972 1053 1105 1091 dicunt
1134 1054 1330 1091 dominum
1360 1067 1447 1091 cum
1472 1054 1589 1091 servis
1617 1067 1693 1093 non
1712 1066 1823 1104 posse

489 1126 570 1151 esse
589 1114 792 1152 civitatem.
843 1117 881 1153 6.
910 1113 1139 1151 Exactiones
1171 1116 1363 1165 graviores
1390 1128 1470 1152 esse
1495 1115 1566 1152 sub
1592 1115 1734 1164 populo
1752 1115 1823 1152 im-

487 1179 657 1223 perante,
694 1188 808 1225 quam
844 1176 917 1212 sub
954 1176 1171 1214 monarcha.
1224 1178 1262 1217 7.
1291 1175 1405 1213 Cives
1441 1177 1661 1214 innocentes
1697 1177 1824 1214 minus

416 1248 419 1250 ’
488 1236 673 1273 obnoxios
691 1249 771 1273 esse
790 1238 911 1286 poenis
922 1237 993 1274 sub
1007 1238 1223 1282 monarcha,
1238 1250 1351 1287 quam
1366 1238 1437 1274 sub
1452 1238 1605 1286 populo.
1631 1240 1669 1275 8.
1687 1237 1824 1275 Liber-

487 1301 605 1333 tatem
637 1297 777 1333 civium
806 1297 1041 1346 singulorum
1068 1310 1143 1335 non
1176 1299 1360 1335 minorem
1389 1311 1469 1335 esse
1501 1299 1572 1335 sub
1604 1299 1822 1343 monarcha,

490 1370 604 1407 quam
624 1358 695 1395 sub
712 1358 867 1407 populo.
920 1362 957 1397 9.
986 1358 1074 1395 Non
1106 1372 1186 1397 esse
1217 1359 1363 1396 civibus
1395 1359 1692 1404 incommodum,
1718 1359 1823 1408 quod

489 1431 566 1455 non
585 1431 715 1455 omnes
734 1419 782 1456 ad
809 1419 980 1468 publicas
999 1420 1287 1458 deliberationes
1311 1420 1569 1457 admittantur.
1626 1423 1686 1458 10.
1715 1419 1824 1458 Deli-

489 1479 704 1516 berationes
722 1479 850 1516 civiles
868 1480 1014 1529 magnis
1034 1481 1194 1518 coetibus
1223 1481 1319 1518 male
1348 1481 1647 1525 committuntur,
1666 1485 1823 1530 propter

487 1540 738 1589 plurimorum
756 1540 1008 1589 imperitiam:
1040 1543 1099 1578 11.
1128 1541 1287 1590 Propter
1306 1542 1583 1591 eloquentiam:
1615 1543 1674 1579 12.
1702 1541 1822 1591 Prop-

487 1606 547 1637 ter
575 1600 805 1638 factionem:
836 1604 896 1639 13.
925 1601 1087 1650 Propter
1112 1603 1395 1639 instabilitatem
1428 1603 1580 1652 legum:
1611 1605 1672 1640 14.
1702 1601 1822 1652 Prop-

488 1666 546 1699 ter
577 1661 770 1699 defectum
800 1663 1078 1700 taciturnitatis.
1134 1666 1194 1702 15.
1222 1663 1280 1700 Ea
1311 1663 1552 1701 incommoda
1582 1662 1823 1701 democratiae

489 1721 694 1768 adhaerere,
714 1728 900 1772 quatenus
919 1723 1090 1760 homines
1121 1724 1343 1761 naturaliter
1371 1724 1606 1762 delectantur
1634 1725 1824 1762 existima·

488 1785 592 1821 tione
611 1784 765 1834 ingenii.
822 1786 881 1823 16.
909 1783 1159 1822 Incommoda
1186 1785 1348 1822 civitatis
1376 1797 1423 1822 ex
1452 1798 1541 1835 rege
1572 1797 1705 1834 puero.
1761 1786 1822 1827 17.

488 1844 750 1883 Monarchicae
768 1846 995 1894 praestantiae
1010 1846 1091 1896 sign
1099 1859 1173 1890 um,
1184 1850 1350 1895 potestas
1368 1846 1510 1883 dueum
1523 1846 1733 1883 castrensis.
1762 1847 1824 1884 18.

489 1904 667 1955 Optimus
685 1911 805 1943 status
819 1907 979 1944 civitatis
997 1913 1065 1951 est,
1077 1908 1144 1944 ubi
1163 1908 1264 1944 cives
1279 1907 1498 1956 imperantis
1510 1912 1598 1944 sunt
1613 1907 1823 1944 haereditas.

489 1969 551 2005 19.
578 1965 830 2004 Aristocratia
847 1972 953 2004 tanto
973 1968 1105 2005 melior
1123 1974 1190 2013 est,
1219 1973 1362 2017 quanto
1381 1968 1611 2005 monarchiae
1642 1968 1799 2018 propior
1810 1979 1824 2014 ;

486 2027 605 2077 pejor,
624 2033 768 2077 quanto
787 2029 835 2065 ab
855 2041 900 2065 ea
918 2030 1112 2066 remotior.

186 2118 315 2151 sEc'r.
334 2118 403 2152 111.
442 2112 483 2153 1.
520 2105 908 2164 DEMOCRATIA,
934 2106 1267 2154 aristocratia
1290 2113 1340 2154 et
1376 2105 1663 2153 monarchia
1704 2104 1822 2167 quid

191 2170 382 2237 ss
436 2181 547 2239 sint,
587 2181 773 2228 dictum
811 2188 897 2228 est.
970 2181 1095 2228 Utra
1135 2188 1297 2228 autem
1333 2180 1396 2228 ad
1432 2180 1611 2228 civium
1648 2195 1821 2242 pacem

156 2262 341 2299 0⁰¹1¹P¹²r⁸t10
380 2306 386 2313 ,
437 2257 833 2314 conservandam,
858 2264 908 2303 et
931 2257 1187 2304 commoda
1218 2272 1386 2304 eorum
1407 2254 1713 2319 procuranda
1735 2271 1822 2318 ap-

155 2305 419 2378 {ffisstffiuffiiii
436 2332 534 2379 tior
569 2331 648 2390 sit,
674 2347 839 2379 earum
874 2331 1237 2394 comparatione
1260 2331 1523 2378 videndum
1559 2337 1648 2377 est.
1718 2329 1821 2376 Pri-

436 2423 571 2454 mum
607 2415 771 2454 autem
796 2407 1050 2454 commoda
1089 2414 1138 2454 et
1177 2406 1485 2454 incommoda
1523 2405 1733 2453 civitatis
1768 2405 1820 2452 in

435 2483 715 2530 universum
756 2482 1076 2541 conferamus,
1117 2498 1179 2529 ne
1217 2482 1323 2545 quis
1362 2482 1489 2529 forte
1528 2480 1677 2528 satius
1715 2496 1820 2527 esse

438 2558 586 2605 ducat
630 2558 792 2605 vivere
836 2573 1230 2620 unumquemque
1276 2556 1476 2604 arbitrio
1523 2571 1625 2613 suo,
1674 2570 1820 2617 quam

437 2633 683 2680 civitatem
707 2632 904 2679 omnino
941 2631 1250 2679 constituere.
1319 2632 1470 2678 Extra
1501 2636 1678 2676 statum
1702 2629 1820 2676 civi-

436 2708 566 2766 tatis,
598 2707 926 2770 unusquisque
961 2707 1237 2754 libertatem
1272 2706 1420 2753 habet
1438 2700 1440 2702 ¹
1455 2704 1820 2767 integerrimam

438 2783 650 2845 quidem,
694 2782 781 2829 sed
825 2781 1212 2836 infructuosam;
1265 2787 1525 2843 propterea
1565 2779 1696 2842 quod
1735 2780 1820 2843 qui

435 2866 637 2920 propter
668 2857 944 2905 libertatem
982 2872 1117 2905 suam
1153 2855 1315 2904 omnia
1348 2854 1450 2916 agit
1481 2854 1682 2902 arbitrio
1715 2871 1819 2915 suo,
