2020 3262
378 284 450 318 DF:
475 281 617 318 JURE
640 277 989 314 DOMINORUM
1017 277 1077 310 IN
1107 276 1335 310 SERVOS.
1450 267 1546 311 249

660 551 874 602 CAPUT
906 551 1042 599 VIII.

440 671 502 704 DE
526 671 645 704 JURE
671 669 963 702 DOMINORUM
988 669 1041 701 IN
1067 668 1258 700 SERVOS.

159 752 195 789 1.
222 747 415 788 Dominus
433 755 472 787 et
489 761 632 792 servus,
647 748 739 799 quid
766 748 854 785 sint.
906 749 946 785 2.
973 746 1181 785 Distinctio
1199 757 1407 790 servorum,
1428 745 1466 781 in
1485 757 1553 782 eos

210 811 277 862 qui
294 810 372 848 fide
390 811 521 848 habita
533 810 708 847 libertate
723 808 903 846 fruuntur
916 808 1090 853 naturali,
1105 813 1144 846 et
1161 806 1370 857 ergastulos
1388 807 1467 844 sive
1485 819 1552 844 eos

156 867 161 884 ³
210 873 277 922 qui
297 883 450 910 carcere
463 869 523 909 vel
535 870 783 920 compedibus
801 870 919 907 vincti
938 870 1118 907 serviunt.
1174 871 1211 907 3.
1241 867 1438 918 obligatio
1452 868 1551 905 servi

209 934 378 972 nascitur
396 946 444 972 ex
457 945 638 971 concessa
656 933 690 970 ei
718 945 741 970 a
771 932 928 970 domino
945 932 1120 969 libertate
1139 931 1320 980 corporis.
1374 932 1414 968 4.
1443 929 1551 967 Servi

208 996 330 1034 vincti
355 995 520 1032 dominis
537 1007 614 1032 non
633 999 812 1032 tenentur
830 998 958 1043 pacto.
1005 995 1043 1032 5.
1072 991 1182 1029 Servi
1202 1004 1278 1029 non
1299 991 1440 1028 habent
1464 1003 1552 1040 pro-

208 1058 410 1108 prietatem
428 1057 467 1094 in
487 1056 596 1094 bonis
613 1056 690 1092 suis
709 1060 843 1092 contra
861 1054 1070 1092 dominum.
1122 1056 1161 1092 6.
1189 1052 1382 1091 Dominus
1399 1065 1552 1090 servum

208 1124 334 1169 potest
351 1117 528 1161 vendere,
547 1117 607 1154 vel
635 1121 862 1154 testamento
890 1116 1066 1153 alienare.
1119 1115 1157 1156 7.
1185 1113 1377 1152 Dominus
1408 1115 1448 1151 in
1475 1127 1552 1152 ser-

208 1193 300 1218 vum
319 1179 480 1235 injurius
498 1191 579 1216 esse
603 1191 682 1216 non
711 1183 850 1228 potest.
904 1180 942 1216 8.
971 1177 1165 1215 Dominus
1184 1177 1328 1214 domini
1347 1182 1404 1214 est
1431 1176 1552 1214 domi-

208 1253 281 1279 nus
303 1252 510 1278 servorum.
565 1242 603 1279 9.
632 1239 782 1282 Quibus
796 1239 918 1276 modis
931 1239 1031 1277 servi
1049 1239 1270 1277 liberantur.
1326 1241 1388 1278 10.
1416 1238 1553 1276 Domi-

209 1303 315 1340 nium
333 1303 373 1340 in
393 1302 534 1340 bestias
552 1301 651 1352 juris
669 1302 852 1339 naturalis
871 1308 940 1339 est.

151 1386 204 1430 ⁴l.
240 1381 469 1430 DUOBUS
495 1380 735 1444 capitibus
757 1380 978 1445 proxime
1009 1381 1338 1445 superioribus
1363 1381 1551 1429 dictum
1597 1401 1726 1433 secr.
1744 1401 1815 1433 111.

155 1463 231 1506 est
254 1457 315 1505 de
356 1457 563 1506 civitate
597 1457 897 1516 institutiva‚
921 1473 1096 1520 nempe
1134 1473 1244 1520 quae
1284 1457 1551 1505 multorum
1606 1500 1610 1507 .
1686 1453 1718 1483 ⁸·
1793 1500 1798 1506 ,

155 1533 492 1592 consensione,
518 1533 603 1596 qui
626 1549 677 1581 se
711 1533 922 1581 invicem
957 1533 1114 1596 pactis
1155 1541 1206 1581 et
1244 1533 1342 1581 fide
1378 1541 1550 1581 mutuo
1569 1546 1714 1596 Dominqs
1727 1549 1757 1596 e}
1769 1554 1819 1574 ser

154 1609 274 1658 data
293 1609 677 1668 obstrinxerunt,
701 1609 823 1656 inita
853 1616 941 1657 est.
1014 1609 1298 1672 Sequuntur
1314 1610 1419 1673 jam
1443 1625 1552 1672 quae
1568 1599 1633 1624 ω’
1645 1590 1718 1627 (1ωά
1731 1593 1798 1617 Μ

156 1685 366 1734 dicenda
388 1692 503 1734 sunt
521 1685 581 1733 de
601 1685 808 1733 civitate
825 1685 1068 1744 naturali,
1089 1701 1199 1748 quae
1222 1693 1272 1733 et
1296 1685 1552 1750 aequisita

155 1761 254 1810 dici
275 1769 454 1826 potest,
480 1761 661 1825 quippe
685 1777 795 1824 quae
828 1761 1098 1824 acquiritur
1119 1761 1344 1824 potentia
1367 1768 1415 1809 et
1437 1760 1553 1808 viri-

152 1838 246 1886 bus
282 1838 603 1886 naturalibus.
676 1836 939 1885 Sciendum
971 1846 1137 1885 autem
1173 1836 1225 1885 in
1256 1837 1424 1901 primis
1462 1843 1552 1897 est,

156 1914 332 1978 quibus
349 1913 509 1962 modis
522 1914 603 1976 jus
623 1913 827 1961 dominii
849 1913 1036 1976 acquiri
1052 1921 1217 1977 potest
1239 1913 1290 1960 in
1303 1928 1554 1978 personas

154 1990 426 2039 hominum.
497 1989 595 2038 Ubi
618 1989 715 2037 tale
734 1990 815 2052 jus
835 1988 1127 2052 acquisitum
1147 1996 1235 2049 est,
1255 1989 1323 2037 ibi
1340 2005 1554 2054 parvum

158 2065 406 2130 quoddam
424 2081 633 2130 regnum
651 2072 739 2113 est.
775 2065 967 2130 Regem
986 2065 1118 2113 enim
1137 2081 1257 2122 esse,
1272 2065 1396 2113 nihil
1420 2065 1555 2113 aliud

157 2150 233 2190 est
270 2158 418 2206 quam
456 2140 720 2189 dominium
755 2141 935 2188 habere
972 2141 1023 2188 in
1051 2157 1306 2206 personas
1342 2141 1551 2196 multas;

157 2225 304 2281 atque
350 2217 472 2265 adeo
499 2216 718 2281 familia
741 2233 941 2282 magna,
967 2233 1175 2282 regnum
1189 2236 1210 2272 ‚·
1260 2224 1310 2265 et
1345 2233 1554 2282 regnum

148 2309 380 2360 parvum,
387 2293 606 2357 familia
626 2300 715 2341 est.
754 2293 822 2341 Ut
839 2293 1094 2341 redeamus
1109 2294 1287 2342 iterum
1302 2294 1354 2342 in
1373 2301 1555 2342 statum

155 2369 447 2427 naturalem,
486 2368 947 2432 consideremusque
984 2368 1206 2417 homines
1235 2377 1473 2432 tanquam
1514 2369 1556 2416 si

159 2452 323 2494 essent
358 2446 560 2509 jamjam
598 2445 757 2492 subito
795 2461 822 2492 e
859 2452 992 2493 terra
1025 2445 1288 2509 fungorum
1311 2462 1448 2493 more
1472 2462 1552 2493 ex-

159 2523 256 2571 orti
290 2530 341 2570 et
365 2521 536 2580 adulti,
562 2521 665 2569 sine
697 2521 830 2569 omni
864 2521 1007 2570 unius
1039 2522 1103 2569 ad
1135 2523 1344 2570 alterum
1369 2522 1555 2585 obliga-

159 2597 316 2653 tione;
337 2604 437 2646 tres
455 2604 649 2645 tantum
667 2597 801 2645 modi
819 2604 947 2657 sunt,
957 2597 1132 2661 quibus
1147 2598 1272 2646 alter
1286 2598 1338 2645 in
1353 2598 1553 2646 alterius

159 2689 420 2738 personam
445 2674 708 2722 dominium
743 2674 929 2722 habere·
960 2680 1138 2737 potest.
1210 2674 1432 2723 Quorum
1453 2674 1554 2738 pri-

159 2766 270 2798 mus
306 2757 395 2809 est,
433 2750 473 2798 si
511 2750 746 2808 volentes,
783 2749 917 2813 pacis
953 2759 1004 2797 et
1040 2758 1224 2798 mutuae
1260 2749 1555 2798 defensionis

163 2842 323 2885 causa,
355 2826 406 2874 in
444 2826 682 2875 ditionem
719 2834 769 2874 et
808 2825 1068 2874 dominium
1105 2826 1310 2890 alicujus
1343 2827 1555 2874 hominis

155 2901 240 2950 vel
263 2909 417 2951 coetus
432 2890 693 2951 *hominum
718 2902 810 2965 ipsi
834 2918 937 2950 sese
961 2902 1116 2965 pactis
1140 2902 1323 2951 mutuis
1353 2902 1481 2952 inter
1496 2919 1557 2951 se
