1982 3256
591 275 661 307 DE
688 273 935 317 vlsmNE,
963 273 1079 306 Ero.
1463 261 1526 314 67

148 385 452 451 superficiem
477 386 770 434 anteriorem
794 385 992 448 aequalis
1010 385 1103 432 erit
1121 384 1342 432 refractae
1367 384 1526 434 ductae
1578 408 1703 440 SEcT,
1723 408 1772 441 11,

148 463 209 511 ab
234 463 256 511 I
280 463 332 511 in
356 462 611 526 superficie
628 461 896 525 posteriore
912 460 975 508 ad
988 460 1457 524 perpendicularem,
1476 461 1527 508 id
1662 461 1692 490 ⁸·

149 547 239 598 est,
271 539 392 598 CH,
437 538 530 586 IM
571 545 714 585 erunt
751 537 976 600 aequales,
1009 536 1133 584 sicut
1168 543 1217 583 et
1248 535 1290 582 G
1310 535 1375 594 H,
1411 536 1525 583 LD.

149 615 368 663 Refracti
405 620 567 662 autem
599 612 723 660 radii
762 620 925 676 partes
962 612 1072 671 illae,
1099 628 1207 675 quae
1248 619 1362 658 sunt
1400 611 1529 658 intra

148 691 307 754 ipsum
331 690 596 753 dioptrum,
622 696 670 736 et
695 689 905 752 aequales
930 695 1073 736 erunt
1108 696 1158 735 et
1182 703 1233 735 se
1256 694 1427 734 mutuo
1452 702 1527 734 se-

149 766 331 815 cabunt
350 786 362 822 ;
397 771 657 829 propterea
675 764 807 827 quod
828 764 1057 812 refractio
1075 779 1163 827 per
1181 762 1351 811 eadem
1369 762 1530 810 media

148 842 209 890 ab
222 840 409 889 utrovis
423 840 631 888 termino
650 839 713 887 ad
728 839 936 887 alterum
950 855 1036 902 per
1045 838 1247 886 eandem
1262 839 1320 885 fit
1334 837 1527 885 lineam.

216 916 394 965 Coroll.
466 916 576 965 Quo
599 922 835 979 punctum
872 915 1065 963 radians
1099 915 1150 962 in
1185 914 1299 962 dato
1335 914 1528 976 objecto

148 991 496 1057 perpendiculo
521 991 559 1039 C
574 992 618 1039 D
641 991 840 1054 propius
866 999 955 1050 est,
991 991 1068 1038 vel
1091 990 1254 1038 radius
1277 990 1338 1037 ab
1363 1006 1419 1037 eo
1444 991 1506 1037 ob

149 1068 328 1132 liquius
366 1067 539 1115 incidit
576 1067 627 1114 in
667 1067 931 1130 dioptrum,
970 1083 1026 1114 eo
1064 1067 1259 1129 longius
1306 1066 1531 1129 procedit

150 1144 315 1192 radius
338 1151 600 1206 antequam
626 1143 830 1190 eandem
856 1143 894 1190 C
911 1143 955 1190 D
980 1142 1157 1190 iterum
1181 1149 1327 1190 secet.
1384 1141 1531 1190 Quod

150 1237 211 1268 ex
242 1235 300 1268 eo
333 1218 645 1272 manifestum
669 1226 756 1277 est,
783 1218 914 1281 quod
947 1218 1111 1266 radius
1137 1218 1180 1265 R
1197 1218 1245 1265 H
1272 1223 1404 1265 secat
1429 1217 1467 1263 C
1486 1217 1530 1264 D

148 1297 202 1345 in
237 1295 308 1355 M,
331 1294 496 1343 radius
519 1311 635 1342 vero
662 1295 709 1343 Q
725 1295 772 1342 H
810 1295 861 1342 in
886 1294 945 1342 D.
1017 1293 1160 1341 Unde
1194 1292 1533 1341 universaliter

151 1371 395 1420 enuntiari
428 1378 607 1434 potest,
633 1379 814 1433 quanto
838 1370 963 1418 radii
999 1370 1257 1417 erectiores
1293 1376 1421 1427 sunt,
1454 1369 1532 1415 vel

149 1448 280 1496 ultra
303 1446 597 1495 erectionem
620 1447 776 1510 magis
799 1447 1046 1494 reclinatae
1066 1446 1130 1493 ad
1144 1446 1390 1509 dioptrum
1416 1461 1531 1492 con-

149 1539 342 1582 vexum,
366 1529 507 1571 tanto
541 1522 742 1570 refracti
777 1522 919 1570 citius
954 1529 1253 1569 concurrunt
1291 1537 1349 1568 ex
1379 1521 1532 1568 altera

149 1606 291 1664 parte
315 1616 427 1648 cum
459 1598 807 1662 perpendiculo
829 1620 840 1653 ;
877 1598 1085 1661 ideoque
1110 1598 1256 1645 etiam
1279 1597 1403 1644 radii
1428 1613 1531 1644 om-

149 1691 238 1723 nes
274 1675 336 1723 ab
375 1675 547 1723 eodem
580 1682 762 1738 puncto
798 1675 900 1722 axis
936 1674 1087 1737 optici
1120 1673 1438 1737 procedentes
1474 1689 1531 1720 eo

149 1751 311 1799 minus
345 1751 398 1798 in
434 1751 594 1798 retina
628 1750 838 1813 spatium
876 1758 1133 1813 occupant,
1165 1765 1260 1812 quo
1294 1755 1533 1812 punctum

148 1827 308 1875 visum
331 1833 406 1874 est
426 1825 673 1874 remotius.

208 1909 254 1951 3.
281 1902 334 1950 Si
346 1902 477 1949 linea
490 1908 626 1948 recta
643 1900 891 1964 dioptrum
906 1908 1037 1948 secet
1051 1900 1530 1964 perpendiculariter,
1552 1914 1606 1986 Poer
1621 1915 1668 1943 ‹1i0
1652 1918 1715 1952 orpt
1716 1925 1764 1943 um

152 1979 310 2042 sitque
357 1977 538 2040 dioptri
584 1977 861 2040 superficies
912 1993 1011 2024 una
1057 1976 1254 2040 quidem
1297 1968 1583 2039 sphaericess⁰
1564 2002 1624 2030 east
1584 1968 1717 2030 ΠΟἽῘῙΜ
1716 1959 1815 2039 ΡῙῘῘῙῘ
1788 2012 1816 2030 ,

153 2069 384 2112 concava,
399 2053 554 2100 altera
571 2068 686 2099 vero
705 2052 781 2099 vel
799 2051 1032 2115 sphaerice
1052 2068 1264 2100 concava
1277 2051 1354 2099 vel
1368 2051 1528 2114 plana,
1546 2048 1591 2125 g
1595 2046 1703 2125 {⁰1⁰⁰
1695 2055 1735 2095 ,θ’
1705 2055 1815 2125 taff*

153 2135 497 2193 sumptumque
533 2127 595 2175 sit
643 2127 695 2174 in
746 2139 802 2174 ea
850 2134 986 2174 recta
1031 2135 1270 2191 punctum
1319 2126 1528 2184 radians,
1547 2133 1634 2169 pendi
1636 2132 1702 2160 οιιΙι)
1725 2141 1763 2169 qu
1765 2142 1812 2160 am

152 2206 290 2269 cujus
313 2203 479 2252 radius
497 2202 746 2250 incidens
734 2219 785 2250 1n
802 2210 1038 2266 punctum
1057 2203 1308 2266 quodlibet
1332 2202 1527 2266 dioptri,
1546 2176 1645 2248 321³?
1625 2219 1680 2247 tio
1667 2185 1744 2247 Ὗ
1745 2185 1781 2203 ¹¹⁰
1767 2179 1813 2203 “⁰

151 2281 315 2344 ibique
351 2278 606 2336 refractus,
640 2278 701 2325 ab
741 2278 910 2326 eadem
942 2287 1078 2326 recta
1112 2295 1171 2326 ex
1205 2279 1360 2326 altera
1392 2285 1530 2341 parte

153 2355 335 2420 dioptri
360 2354 610 2417 divergat;
645 2353 808 2401 radius
827 2370 855 2401 a
873 2362 1056 2417 puncto
1075 2355 1290 2417 quolibet
1314 2353 1530 2417 ejusdem

150 2430 488 2499 perpendiculi
511 2429 787 2487 remotiore,
813 2429 1050 2478 refractus
1074 2431 1125 2478 in
1155 2430 1325 2478 eodem
1350 2429 1531 2493 dioptri

150 2514 352 2572 puncto,
388 2513 501 2570 post
536 2505 853 2553 refractiones
884 2521 994 2553 suas
1022 2507 1082 2554 ab
1121 2506 1292 2554 eodem
1326 2521 1531 2569 perpen-

153 2582 314 2632 diculo
338 2582 497 2629 minus
521 2580 755 2644 diverget.

220 2658 483 2721 Dioptrum
522 2656 623 2704 AB
666 2656 737 2718 (in
772 2656 931 2719 figura
961 2658 1191 2719 secunda)
1230 2664 1362 2705 secet
1397 2662 1532 2705 recta

155 2734 194 2782 C
208 2734 252 2782 D
266 2731 736 2797 perpendiculariter
759 2731 809 2778 in
832 2732 872 2778 E
891 2739 941 2780 et
964 2733 1016 2791 F,
1035 2742 1378 2796 sumptumque
1402 2733 1452 2780 in
1475 2749 1533 2780 ea

155 2810 220 2858 sit
247 2815 488 2873 punctum
511 2807 568 2864 G,
593 2824 622 2855 a
646 2824 741 2871 quo
777 2808 941 2856 radius
965 2809 1061 2857 GH
1090 2809 1276 2857 incidat
1309 2809 1360 2856 in
1395 2817 1532 2857 ante-

155 2887 333 2935 riorem
352 2884 655 2948 superficiem
677 2884 858 2948 dioptri
877 2884 940 2932 ad
965 2886 1030 2944 H,
1057 2892 1106 2933 et
1130 2886 1191 2934 sit
1214 2885 1452 2933 refractus
1472 2885 1536 2933 ad

1311 2976 1384 3010 1¹¹2
