2020 3262
291 260 363 294 DE
390 260 532 295 LEGE
559 260 796 295 NATURAE
823 260 988 294 CIRCA
1016 261 1395 296 CONTRACTUS.
1468 249 1562 303 173

168 386 301 432 eum,
325 373 410 435 qui
430 372 495 421 ad
519 380 743 421 mutuum
765 373 1058 421 beneficium
1081 388 1180 420 non
1199 379 1469 431 teneretur,
1494 372 1564 420 sie
1603 395 1734 430 sECT.
1754 395 1824 429 111.

171 447 321 496 vellet
342 449 492 497 verba
514 449 618 512 ejus
641 448 862 512 intelligi,
882 455 940 496 ut
951 448 1257 511 obligaretur
1275 447 1394 510 ipse.
1464 447 1565 495 Ne·
1708 449 1743 481 2³

170 539 271 588 que
288 524 493 572 rationis
513 531 602 583 est,
618 531 676 572 ut
693 524 778 588 qui
797 524 903 572 aliis
920 523 1063 572 facile
1081 523 1207 571 bene
1226 523 1413 581 volunt,
1431 523 1565 570 omni

170 599 412 664 promisso
445 607 737 664 praesentem
771 600 1000 648 affectum
1032 605 1244 646 testante
1268 597 1565 661 obligentur.

174 676 240 724 Et
253 682 515 740 propterea
530 675 796 739 promissor
808 675 919 723 talis
935 674 1203 722 deliberare
1217 673 1567 736 intelligendus

169 759 266 811 est,
291 759 342 800 et
362 760 554 800 mutare
575 752 807 800 affectum
823 767 982 815 posse,
1004 749 1418 815 quemadmodum
1441 756 1491 797 et
1508 749 1565 809 is,

169 827 256 876 eui
277 827 598 891 promittitur,
633 834 824 875 mutare
852 827 1083 875 meritum
1106 832 1286 890 potest.
1356 825 1459 874 Qui
1482 825 1567 873 de-

173 901 352 950 liberat
371 909 555 960 autem,
591 910 791 950 eatenus
813 902 937 950 liber
961 909 1051 961 est,
1077 917 1237 965 neque
1262 900 1468 949 donasse
1493 900 1567 948 di-

171 977 318 1026 citur.
387 977 537 1027 Quod
560 977 601 1025 si
619 978 876 1041 promittat
899 993 1044 1041 saepe,
1076 977 1227 1025 donet
1250 983 1415 1025 autem
1437 992 1566 1036 raro,

173 1053 386 1102 levitatis
409 1053 727 1102 condemnari
751 1054 912 1110 debet,
947 1070 1039 1101 nec
1061 1054 1227 1101 vocari
1251 1053 1455 1113 donans,
1481 1052 1569 1101 sed

167 1128 320 1177 δωσων
1249 1172 1251 1175 ,
1533 1122 1536 1124 '

158 1242 164 1246 -
241 1210 290 1254 9.
326 1205 547 1254 Duorum
573 1212 739 1254 autem
768 1206 847 1253 vel
879 1205 1094 1269 plurium
1115 1206 1245 1268 jura
1269 1222 1358 1253 sua
1391 1211 1564 1254 mutuo
1584 1213 1724 1243 Definitio
1737 1223 1824 1263 cong

176 1281 590 1346 transferentium
635 1283 765 1330 actio
802 1289 1007 1331 vocatur
1037 1282 1423 1331 CONTRACTUS.
1507 1281 1567 1329 In
1581 1260 1835 1296 “aetusetpwm

169 1357 310 1406 omni
332 1364 496 1406 autem
515 1365 792 1417 contractu,
823 1358 902 1406 vel
924 1365 1133 1421 uterque
1167 1358 1333 1406 statim
1364 1364 1569 1421 praestat

173 1433 228 1482 id
250 1433 312 1481 de
328 1449 428 1497 quo
451 1440 760 1482 contractum
792 1440 881 1492 est,
917 1433 988 1482 ita
1016 1442 1073 1481 ut
1110 1434 1235 1482 alter
1270 1434 1412 1481 alteri
1445 1433 1570 1482 nihil

172 1509 473 1565 concredat3
508 1509 587 1557 vel
618 1510 743 1558 alter
773 1516 989 1574 praestat,
1026 1510 1167 1558 alteri
1206 1510 1455 1566 creditur3
1491 1509 1570 1557 vel

55 1563 62 1622 ss
78 1603 89 1641 ζ
171 1591 349 1634 neuter
382 1593 598 1649 praestat.
669 1586 768 1635 Ubi
803 1594 1011 1649 uterque
1047 1586 1214 1634 statim
1249 1592 1466 1649 praestat,
1502 1585 1571 1633 ibi

165 1667 476 1720 contractus,
501 1661 646 1709 simul
682 1678 740 1709 ac
775 1661 1051 1725 praestitum
1086 1668 1174 1721 est,
1213 1662 1399 1710 finitur.
1471 1661 1571 1710 Ubi

171 1753 290 1786 vero
312 1737 391 1786 vel
413 1737 553 1785 alteri
574 1738 653 1786 vel
675 1738 873 1801 utrique
903 1737 1135 1797 creditur,
1171 1738 1240 1786 ibi
1262 1738 1319 1798 is,
1357 1737 1438 1786 cui
1465 1752 1571 1785 cre-

172 1813 326 1872 ditur,
349 1813 594 1877 promittit
627 1829 679 1861 se
707 1814 1041 1878 praestiturum
1063 1820 1249 1877 postea,
1274 1813 1571 1878 appellatur-

117 1953 119 1955 >
176 1905 274 1954 que
296 1889 577 1953 hujusmodi
598 1889 892 1953 promissum
916 1890 1162 1938 PAc‘rUM.

252 1971 326 2014 10.
361 1966 575 2012 Pactum
598 1972 763 2013 autem
787 1965 918 2028 quod
946 1966 1003 2013 fit
1034 1966 1096 2013 ab
1128 1982 1201 2025 eo,
1227 1965 1307 2013 cui
1337 1965 1570 2025 ereditur,
1589 1975 1627 2027 ξπ
1639 1975 1734 2013 pactis
1750 1975 1856 2004 transit

171 2058 291 2091 cum
314 2057 372 2090 eo
404 2041 488 2104 qui
512 2042 616 2105 jam
648 2041 894 2105 praestitit,
933 2041 1124 2090 etiamsi
1151 2042 1408 2106 promissio
1439 2042 1572 2091 facta
1583 2028 1701 2092 ³31¹ssqu
1713 2020 1803 2048 ΨΜ
1817 2019 1854 2048 ὼ

172 2118 243 2167 sit
264 2117 424 2166 verbis
452 2117 513 2165 de
535 2117 719 2177 futuro,
753 2134 853 2166 non
876 2118 1035 2166 minus
1056 2118 1211 2167 futuri
1233 2119 1468 2182 temporis
1480 2119 1573 2182 jus

176 2193 428 2252 transfert,
451 2209 599 2257 quam
622 2193 664 2241 si
686 2193 816 2241 facta
839 2201 967 2242 esset
983 2194 1144 2242 verbis
1163 2194 1224 2242 de
1241 2195 1476 2258 praesenti
1493 2195 1572 2244 vel

177 2269 445 2334 praeterito.
495 2269 749 2318 Praestatio
763 2270 895 2318 enim
912 2270 1107 2334 signum
1119 2271 1572 2320 manifestissimum

56 2345 70 2418 Ι’
151 2352 255 2395 Δθεῖ’,
289 2361 418 2405 eum,
457 2346 542 2409 qui
576 2346 822 2410 praestitit,
858 2346 929 2395 ita
964 2347 1260 2396 intellexisse
1298 2349 1572 2397 orationem

179 2420 397 2482 alterius,
436 2422 516 2470 cui
548 2421 794 2482 credebat,
835 2430 1071 2487 tanquam
1101 2424 1310 2472 volentis
1337 2431 1572 2488 praestare

177 2497 411 2547 condicto
442 2504 692 2562 tempore3
729 2514 884 2562 eoque
917 2499 1057 2563 signo
1088 2500 1322 2564 cognovit
1349 2500 1391 2548 is
1419 2501 1488 2548 sic
1519 2516 1571 2549 se

179 2572 388 2638 intelligi
404 2595 416 2630 ;
453 2574 586 2639 quod
604 2575 718 2638 quia
734 2591 834 2623 non
853 2576 1079 2635 correxit,
1097 2577 1252 2625 voluit
1273 2577 1397 2625 fieri.
1441 2577 1571 2624 Pro-

180 2649 337 2698 missa
367 2650 521 2715 igitur
552 2666 661 2714 quae
697 2649 838 2699 fiunt‘
853 2658 1055 2715 propter
1087 2652 1261 2700 bonum
1297 2659 1570 2716 acceptum,

173 2741 292 2789 quae
315 2733 365 2774 et
388 2733 686 2791 pactasunt,
724 2727 865 2791 signa
894 2735 1010 2775 sunt
1039 2728 1321 2787 voluntatis,
1356 2729 1452 2777 hoe
1481 2735 1571 2788 est,

156 2801 340 2852 -ultimi
363 2810 502 2852 actus
521 2802 838 2862 deliberandi,
859 2820 956 2867 quo
975 2803 1175 2853 libertas
1188 2821 1289 2853 non
1306 2805 1572 2869 praestandi
