2020 3262
475 230 568 272 324
1000 239 1304 274 IMPERIUM.

217 369 343 408 ssscrr.
363 370 432 403 111,
474 348 573 396 sive
611 355 780 397 contra
817 349 990 412 legem,
1021 359 1092 409 ut,
1130 351 1336 398 alienam
1373 350 1570 397 domum
1604 357 1845 406 evertere;

301 421 349 452 ¹4·
414 467 419 476 ,
475 423 573 472 sive
595 440 695 472 non
717 431 888 472 contra
922 425 1095 488 legem,
1120 434 1176 474 ut
1199 426 1445 489 propriam
1473 442 1616 490 super
1650 442 1847 476 arenam

475 499 729 548 aedificare.

271 579 390 651 {ggffi
545 578 618 630 17.
655 576 754 624 Ubi
775 592 891 625 vero
926 576 987 623 de
1021 575 1219 640 legibus
1254 592 1411 624 sermo
1447 583 1535 636 est,
1560 577 1629 625 ibi
1641 579 1850 642 peccati

392 643 400 653 ”
473 667 649 700 nomen
672 653 853 700 arctius
887 658 974 711 est,
999 651 1336 715 significatque
1372 669 1473 700 non
1501 669 1644 701 omne
1664 653 1848 702 factum

474 734 643 775 contra
664 736 850 777 rectam
867 727 1123 786 rationem,
1140 727 1225 774 sed
1243 727 1364 775 illud
1387 735 1579 775 tantum
1598 728 1730 791 quod
1745 728 1849 777 cul—

464 809 642 866 patur,
668 811 813 866 atque
848 803 910 850 ob
946 818 1053 849 eam
1087 818 1282 850 causam
1305 802 1484 850 malum
1507 802 1664 868 culpa>
1685 804 1850 867 appel-

473 877 615 926 latur.
684 879 789 926 Nec
811 885 976 926 tamen
999 877 1038 924 si
1063 878 1179 940 quid
1207 878 1444 941 culpetur,
1465 886 1726 943 peceatum
1750 887 1849 928 sta-

473 953 576 1011 tim,
600 960 684 1001 aut
708 953 857 1019 culpa
882 952 1086 1001 dicenda
1108 961 1197 1012 est,
1223 953 1308 1001 sed
1331 954 1370 1002 si
1394 971 1505 1002 cum
1528 955 1717 1004 ratione
1748 955 1853 1003 cul-

472 1036 631 1090 petur.
702 1029 1029 1078 Quaerendum
1063 1029 1212 1091 igitur
1247 1037 1334 1088 est,
1372 1029 1489 1092 quid
1525 1030 1590 1078 sit
1620 1047 1732 1078 cum
1763 1046 1851 1079 ra-

474 1104 606 1151 tione
646 1104 869 1169 culpare,
908 1112 959 1152 et
993 1103 1110 1167 quid
1144 1111 1315 1152 contra
1350 1105 1606 1153 rationem.
1671 1107 1744 1154 Ea
1775 1113 1851 1154 est

473 1187 652 1227 natura
683 1179 907 1238 hominis,
930 1186 988 1227 ut
1019 1180 1351 1243 unusquisque
1385 1180 1452 1239 id,
1478 1181 1611 1244 quod
1632 1181 1734 1245 ipse
1759 1181 1849 1229 sibi

475 1255 608 1317 cupit
629 1255 751 1312 fieri,
770 1254 952 1314 bonum,
972 1254 1103 1317 quod
1123 1254 1266 1317 fugit,
1285 1255 1463 1302 mulum
1485 1262 1643 1306 vocet.
1679 1256 1850 1319 Itaque

475 1330 752 1377 diversitate
787 1330 1048 1377 affectuum
1082 1329 1336 1392 contingit,
1360 1339 1417 1378 ut
1450 1331 1582 1393 quod
1608 1331 1732 1379 alter
1767 1331 1847 1379 bo-

474 1422 599 1463 num,
623 1404 745 1452 alter
767 1403 978 1458 malum;
1014 1411 1064 1451 et
1096 1404 1227 1451 idem
1260 1405 1405 1452 homo
1441 1405 1572 1468 quod
1598 1422 1728 1454 nunc
1766 1406 1848 1454 bo—

473 1496 599 1537 num,
618 1495 734 1526 mox
750 1478 928 1526 malum
942 1497 961 1533 ;
992 1486 1040 1526 et
1059 1478 1263 1526 eandem
1280 1495 1398 1538 rem,
1416 1480 1468 1527 in
1485 1481 1641 1544 seipso
1661 1481 1846 1541 bonam,

474 1555 526 1602 in
550 1555 644 1602 alio
669 1554 848 1602 mulam
882 1569 986 1602 esse
1022 1554 1166 1602 dicat.
1235 1555 1425 1603 Bonum
1448 1557 1576 1604 enim
1599 1565 1648 1605 et
1670 1557 1848 1605 malum

476 1630 796 1678 delectatione
829 1637 878 1678 et
910 1629 1132 1678 molestia
1164 1637 1346 1690 nostra,
1381 1631 1459 1678 vel
1492 1647 1550 1679 ea
1581 1648 1688 1695 quae
1718 1649 1848 1680 nunc

475 1713 564 1762 est,
590 1706 664 1754 vel
688 1722 797 1770 quae
820 1714 1141 1769 exspectatur,
1167 1722 1334 1754 omnes
1358 1707 1666 1755 aestimamus.
1715 1708 1851 1757 Quo-

474 1782 604 1829 niam
622 1783 724 1844 jam
740 1797 971 1845 prospere
988 1781 1118 1830 facta
1130 1781 1451 1842 inimicorum,
1472 1783 1586 1846 quia
1601 1783 1848 1842 honorem,

474 1873 593 1916 rem,
632 1864 682 1904 et
720 1857 991 1920 potentiam
1032 1873 1201 1905 eorum
1241 1865 1449 1920 augent3
1491 1866 1543 1913 et
1577 1858 1850 1922 aequalium,

474 1939 674 1996 propter
692 1940 937 1980 certamen
954 1933 1209 1992 honorum,
1229 1932 1435 1981 molesta
1450 1933 1687 1993 omnibus,
1706 1933 1852 1982 adeo-

478 2025 570 2071 que
611 2007 759 2066 mala,
800 2015 850 2056 et
896 2007 1139 2067 videntur,
1183 2015 1233 2055 et
1278 2015 1423 2064 sunt3
1473 2009 1723 2076 solentque
1762 2010 1852 2058 ho-

477 2084 647 2142 mines,
673 2083 828 2130 malos
846 2090 1051 2148 putare,
1086 2084 1180 2131 hoc
1216 2091 1304 2143 est,
1341 2084 1538 2149 culpam
1574 2084 1854 2132 attribuere

477 2159 550 2218 iis,
574 2159 703 2206 unde
727 2159 818 2206 sibi
851 2159 1030 2206 malum
1060 2160 1285 2216 advenit3
1321 2160 1428 2207 fieri
1461 2175 1560 2207 non
1593 2166 1770 2222 potest,
1794 2166 1853 2206 ut

480 2251 587 2297 quae
620 2234 752 2282 facta
786 2235 1040 2298 culpanda,
1067 2251 1176 2298 quae
1209 2251 1309 2283 non
1341 2235 1580 2298 culpanda
1602 2235 1713 2297 sint,
1739 2250 1853 2282 con-

479 2327 621 2359 sensu
657 2311 972 2374 singulorum,
1013 2311 1185 2374 quibus
1221 2327 1323 2359 non
1359 2311 1526 2359 eadem
1564 2310 1758 2374 placent
1802 2316 1874 2356 et-

480 2387 750 2448 displicent,
760 2386 1066 2434 definiantur.
1099 2387 1305 2434 Possunt
1319 2386 1513 2449 quidem
1527 2385 1785 2433 convenire
1799 2384 1852 2432 in

478 2462 724 2526 generalia
758 2462 995 2526 quaedam,
1018 2462 1172 2511 veluti
1192 2462 1412 2526 furtum,
1451 2459 1762 2519 adulterium,
1802 2467 1853 2506 et

479 2538 666 2596 similia,
691 2553 795 2585 esse
809 2544 1031 2602 peccata
1046 2556 1066 2593 ,·
1099 2545 1334 2600 tanquam
1354 2537 1569 2584 dicerent
1591 2535 1724 2583 mala
1749 2551 1852 2582 om-

479 2630 563 2661 nes
597 2629 772 2661 vocare
808 2628 880 2671 ea,
905 2613 1080 2675 quibus
1114 2613 1313 2660 nomina
1351 2613 1621 2675 imponunt,
1659 2626 1766 2673 quae
1800 2610 1852 2658 in

480 2690 656 2737 malam
689 2696 881 2752 partem
916 2689 1072 2752 accipi
1103 2689 1273 2736 solent.
1345 2687 1440 2735 Sed
1469 2702 1569 2734 non
1593 2686 1853 2748 quaerimus

480 2782 543 2812 an
578 2765 765 2812 furtum
799 2765 861 2812 sit
894 2773 1180 2828 peccatum3
1231 2763 1488 2826 quaerimus
1518 2761 1635 2824 quid
1667 2762 1855 2810 furtum

481 2840 737 2888 dicendum
757 2841 834 2900 sit,
855 2848 904 2888 et
921 2841 989 2888 sic
1006 2841 1065 2888 de
1085 2840 1271 2888 oaeteris
1297 2838 1544 2886 similibus.
1605 2837 1854 2900 Siquidem
