2020 3262
480 241 576 283 366
1047 254 1294 287 RELIGIO.

215 382 343 415 SEU,
364 383 432 417 111,
468 360 550 422 jus
575 366 739 408 tamen
761 377 931 425 poenas
955 363 1177 410 sumendi
1210 363 1518 426 dependebat
1554 365 1614 412 ab
1655 366 1857 416 arbitrio

301 435 352 466 ¹6·
473 434 679 498 privato,
717 443 767 485 et
801 454 952 500 penes
988 439 1272 487 dissolutam
1295 440 1663 488 multitudinem
1688 448 1738 489 et
1760 443 1860 491 sin-

192 526 400 578 nasdemcqn-
472 511 612 573 gulos
647 519 752 560 erat
775 513 949 575 punire
979 514 1056 561 vel
1090 530 1190 562 non
1220 515 1410 577 punire,
1433 523 1579 577 prout
1615 533 1644 563 a
1665 517 1859 580 privato

187 571 457 643 ffissffffiffsssser,
473 586 578 634 zelo
602 588 946 636 excitarentur.
1016 589 1230 652 Ideoque
1250 589 1413 637 Moses
1438 591 1642 654 imperio
1659 593 1860 655 proprio

192 656 427 738 gssffigffiqsseegffi·
472 669 630 710 morte
659 664 886 712 multavit
920 666 1193 719 neminem;
1231 664 1318 711 sed
1342 665 1539 728 quando
1562 665 1860 714 interficien-

473 737 563 786 dus
597 739 771 802 aliquis
802 747 946 798 esset,
970 756 1095 787 unus
1118 739 1198 787 vel
1234 740 1414 802 plures,
1447 740 1499 787 in
1524 756 1635 788 eum
1657 741 1735 789 vel
1757 757 1858 801 eos,

472 815 766 863 auctoritate
791 815 971 874 divina,
998 815 1320 877 dicendoque,
1341 816 1432 862 hoc
1459 815 1583 863 dicit
1600 815 1857 876 Dominus,

471 889 835 938 multitudinem
858 890 1137 939 concitavit.
1172 891 1293 938 Erat
1311 898 1475 938 autem
1494 891 1744 939 conforme
1762 892 1858 941 hoc

469 971 659 1013 naturae
681 966 821 1029 regni
838 966 931 1014 Dei
947 966 1221 1029 peculiaris.
1292 965 1368 1012 Ibi
1391 966 1521 1012 enim
1543 980 1656 1012 vere
1683 973 1859 1029 regnat

471 1038 619 1098 Deus,
643 1041 728 1088 ubi
751 1041 940 1104 legibus
964 1057 1063 1088 non
1087 1041 1340 1088 hominum
1360 1041 1444 1088 sed
1469 1041 1561 1088 Dei
1583 1048 1721 1088 metu
1743 1042 1858 1089 obe-

471 1114 620 1162 ditur.
688 1115 753 1163 Et
777 1116 817 1163 si
854 1116 1051 1179 quidem
1085 1115 1306 1163 homines
1344 1116 1465 1162 tales
1489 1122 1666 1174 essent,
1692 1116 1859 1179 quales

470 1204 574 1236 esse
598 1189 794 1248 debent,
819 1191 1032 1253 optimus
1064 1191 1104 1238 is
1129 1198 1256 1237 esset
1279 1190 1491 1238 civitatis
1517 1198 1688 1238 status.
1759 1191 1858 1239 Sed

469 1263 763 1322 hominibus,
789 1265 953 1327 quales
978 1272 1107 1323 sunt,
1126 1266 1352 1327 regendis
1375 1265 1649 1313 necessaria
1672 1273 1747 1313 est
1768 1281 1858 1329 po·-

468 1339 639 1398 tentia,
676 1355 773 1402 qua
796 1346 846 1387 et
880 1341 960 1402 jus
996 1341 1357 1403 comprehendo
1383 1347 1432 1388 et
1460 1341 1604 1399 vires,
1631 1341 1854 1404 cogendi.

467 1414 532 1460 Et
549 1423 814 1477 propterea
836 1415 985 1462 etiam
1008 1416 1069 1462 ab
1093 1416 1232 1463 initio
1256 1432 1344 1479 per
1367 1416 1542 1463 Mosen
1559 1416 1724 1476 (Deut.
1739 1417 1853 1464 xvii.

474 1489 554 1550 14)
603 1489 904 1552 praescripsit
949 1490 1080 1537 Deus
1125 1490 1258 1553 leges
1302 1490 1481 1537 futuris
1526 1491 1750 1553 regibus3
1805 1498 1856 1538 et

468 1562 633 1612 Moses
655 1565 839 1612 ultimis
875 1565 938 1612 ad
967 1565 1202 1628 populum
1233 1565 1392 1613 verbis
1431 1566 1660 1628 praedixit
1686 1566 1853 1627 (Deut.

470 1639 602 1687 xxxi.
635 1640 754 1702 29):
791 1639 923 1687 Novi
946 1640 1082 1703 quod
1105 1646 1228 1703 post
1253 1646 1455 1687 mortem
1492 1657 1647 1688 meam
1683 1641 1852 1705 inique

467 1715 638 1778 agetis
661 1722 712 1763 et
739 1715 1060 1763 declinabitis
1084 1715 1181 1762 cito
1224 1715 1286 1762 de
1326 1715 1423 1773 via,
1448 1732 1595 1779 quam
1626 1716 1854 1780 proecepi

466 1789 618 1838 vobis.
701 1791 825 1839 Cum
870 1806 987 1853 ergo
1021 1789 1291 1838 secundum
1321 1790 1448 1837 hanc
1483 1790 1854 1852 praedictionem

466 1866 732 1914 surrexerit
755 1866 851 1913 alia
880 1866 1148 1928 generatio,
1179 1864 1310 1926 (Jud.
1334 1865 1385 1912 ii.
1408 1870 1481 1923 10,
1503 1865 1582 1927 ll)
1622 1881 1728 1929 quoe
1759 1882 1853 1914 non

464 1948 672 1989 noverat
685 1941 948 1989 Dominum
963 1948 1013 1988 et
1027 1957 1199 2005 opera,
1216 1939 1537 2004 quaefecerat
1551 1956 1657 1987 cum
1665 1940 1850 2000 Israel,

444 2015 693 2078 fecerunt
709 2016 821 2078 filii
853 2015 1027 2063 Israel
1064 2015 1244 2063 malum
1280 2014 1331 2062 in
1362 2021 1627 2079 conspectu
1649 2015 1765 2075 Dei,
1801 2023 1853 2064 et

462 2091 742 2139 servierunt
786 2091 992 2138 Baalim
1007 2110 1024 2138 .·
1084 2090 1269 2138 scilicet
1314 2090 1599 2152 abjecerunt
1630 2090 1851 2153 regimen

463 2165 572 2223 Dei,
586 2167 681 2214 hoc
696 2174 787 2225 est,
803 2167 1101 2225 sacerdotia,
1122 2182 1210 2229 per
1230 2182 1375 2229 quem
1393 2166 1526 2213 Deus
1547 2166 1776 2229 regebat3
1801 2173 1852 2214 et

462 2249 647 2303 postea,
674 2258 785 2290 cum
822 2243 882 2289 ab
914 2242 1135 2289 hostibus
1174 2241 1490 2288 vincerentur
1526 2248 1576 2288 et
1612 2241 1848 2289 servitute

462 2325 815 2379 permerentur,
840 2318 932 2365 Dei
953 2318 1259 2364 voluntatem
1281 2333 1379 2364 non
1397 2317 1603 2379 amplius
1626 2332 1658 2364 a
1677 2329 1847 2363 sacer-

464 2393 595 2452 dote,
621 2393 707 2441 sed
730 2411 759 2441 a
780 2393 1032 2456 prophetis
1057 2399 1413 2456 exspectavere.
1458 2392 1527 2439 Hi
1549 2392 1698 2455 igitur
1716 2391 1848 2454 judi-

463 2469 642 2516 cabant
687 2470 837 2517 Israel
874 2469 934 2516 de
961 2468 1118 2532 facto
1138 2487 1157 2522 ;
1193 2469 1318 2530 jare
1363 2474 1528 2515 autem
1569 2466 1846 2514 obedientia

461 2559 631 2591 eorum
663 2544 828 2592 debita
864 2552 970 2592 erat
992 2543 1248 2590 sacerdoti
1269 2559 1466 2590 summa
1537 2542 1846 2604 Quamquam

458 2618 609 2681 igitur
645 2636 852 2684 regnum
875 2619 1209 2678 sacerdotale,
1233 2627 1346 2682 post
1374 2624 1582 2666 mortem
1606 2617 1759 2664 Mosis
1794 2625 1845 2665 et

458 2695 486 2741 J
492 2711 639 2753 osuae,
664 2695 767 2743 sine
794 2695 978 2743 viribus
998 2702 1117 2752 erat,
1142 2711 1243 2742 non
1268 2701 1373 2741 erat
1394 2700 1558 2741 tamen
1582 2693 1684 2739 sine
1705 2693 1843 2754 jure.

462 2770 607 2819 Quod
631 2778 794 2818 autem
830 2770 894 2817 ad
916 2770 1125 2817 eundem
1149 2769 1453 2817 sacerdotem
1474 2767 1744 2830 pertineret
1768 2768 1842 2815 in-

459 2846 761 2908 terpretatio
798 2845 937 2894 verbi
959 2845 1075 2903 Dei,
1101 2862 1161 2893 ex
1185 2861 1242 2893 eo
1266 2844 1574 2892 manifestum
1597 2851 1686 2901 est,
1712 2844 1843 2905 quod

2015 1179 2020 1187 .

2003 1215 2020 1302 {l

2004 1300 2020 1330 ’Ξ

1966 1339 1968 1341 ’
2015 1336 2020 1346 t
