2020 3262
532 227 602 260 DE
624 225 893 259 APPE'rlTU
922 224 988 258 ΕΤ
1014 224 1176 269 FUGA,
1203 224 1318 258 Ere.
1526 216 1610 259 101

239 337 384 386 dum:
421 344 618 386 revocat
641 336 769 384 enim
786 335 1048 399 praeterita.
1120 335 1371 383 Praeterita
1389 344 1551 384 autem
1576 337 1616 384 si
1673 358 1800 390 secr,
1818 357 1869 390 11.

237 415 367 462 bona
379 414 575 472 fuerint,
586 411 803 476 jucunda
817 418 932 459 sunt
945 417 1308 474 repraesentata,
1324 411 1437 473 quia
1453 412 1582 459 bona
1603 433 1614 467 ;
1744 409 1792 439 ¹¹·

238 489 280 538 si
319 489 462 548 mala,
494 490 608 553 quia
634 487 894 552 praeterita.
963 486 1192 534 Jucunda
1229 486 1380 550 igitur
1416 487 1614 546 musica,
1645 502 1785 532 sucum
1798 512 1872 540 «ιω.

237 566 415 630 poesis,
438 565 643 628 pictura.

306 641 463 700 Nova,
482 639 726 704 jucunda:
763 645 1060 703 appetuntur
1089 639 1219 686 enim
1256 646 1312 686 ut
1349 639 1497 686 animi
1532 655 1619 702 pa-

238 717 423 765 bulum.
494 717 626 764 Bene
651 716 832 764 sentire
865 715 924 763 de
948 732 1035 763 sua
1070 715 1220 779 ipsius
1255 715 1492 778 potentia,
1519 715 1618 762 sive

239 792 414 841 merito
454 792 555 840 sive
595 792 853 850 immerito,
873 791 1160 855 jucundum.
1229 790 1435 839 Videtur
1473 791 1617 849 enim,

239 868 281 917 si
302 883 415 916 vere
439 867 499 915 de
523 883 574 915 se
592 867 797 930 judicat,
822 867 1102 930 praesidium
1125 867 1217 914 sibi
1244 867 1424 915 habere
1460 867 1511 915 in
1535 883 1585 914 se
1607 888 1618 922 ;

240 944 282 992 si
303 943 440 1002 falso,
470 942 743 1006 jucundum
767 951 932 991 tamen
953 965 964 999 ;
1001 959 1116 991 nam
1140 959 1248 1006 quae
1270 959 1386 991 vera
1407 943 1620 1007 placent,

238 1020 435 1084 placent
458 1019 607 1066 etiam
628 1019 758 1067 ficta.

308 1095 478 1158 Itaque
502 1095 721 1154 victoria,
741 1095 961 1159 jucunda
981 1114 991 1142 ε
1028 1095 1147 1144 facit
1171 1095 1301 1143 enim
1324 1096 1449 1144 bene
1474 1096 1534 1144 de
1571 1112 1621 1144 se

241 1171 421 1219 sentire
444 1189 454 1218 :
505 1177 555 1218 et
600 1170 704 1218 ludi
749 1171 1115 1235 certaminaque
1156 1173 1333 1232 omnia,
1370 1172 1589 1236 jucunda
1609 1192 1621 1227 ;

241 1246 357 1310 quia
380 1247 463 1310 qui
500 1253 706 1306 certant,
729 1247 984 1295 victoriam
1008 1248 1353 1311 imaginantur.
1423 1249 1623 1296 Placent

241 1330 405 1371 autem
428 1322 636 1370 maxime
656 1323 926 1370 certamina
939 1323 1246 1386 ingeniorum
1266 1346 1278 1380 ;
1314 1332 1369 1371 ut
1383 1324 1434 1371 in
1450 1325 1623 1388 quibus

242 1398 507 1447 maximum
543 1399 635 1446 sibi
672 1399 876 1462 quisque
911 1408 1054 1463 putat
1091 1401 1305 1463 positum
1330 1417 1433 1448 esse
1457 1401 1626 1464 praesi-

243 1474 393 1522 dium.
463 1474 634 1537 Itaque
657 1474 786 1522 vinci
810 1475 861 1523 in
881 1476 1147 1523 certamine
1172 1477 1495 1540 ingeniorum,
1521 1494 1626 1525 mo-

242 1551 435 1599 lestum.

299 1625 524 1685 Laudari,
540 1626 812 1688 jucundum
830 1645 840 1673 :
864 1626 982 1675 facit
997 1628 1127 1675 enim
1144 1635 1201 1675 ut
1218 1629 1343 1676 bene
1363 1628 1626 1677 sentiamus

245 1702 307 1750 de
330 1701 470 1750 nobis
494 1701 626 1765 ipsis.

319 1785 393 1827 13.
429 1778 636 1826 Pulchra
667 1785 781 1825 sunt
802 1778 919 1826 boni
943 1778 1083 1842 signa
1105 1779 1203 1827 sive
1227 1780 1421 1828 indicia.
1458 1781 1628 1844 Itaque
1647 1798 1860 1835 Pu1012mquoe.

246 1854 441 1918 signum
463 1853 697 1917 potentiae
717 1854 940 1917 egregiae,
956 1855 1229 1918 pulchrum.
1280 1857 1450 1920 Itaque
1468 1857 1629 1905 facere

247 1930 381 1994 quod
411 1938 461 1978 et
496 1930 682 1978 bonum
719 1937 791 1977 est
830 1937 879 1977 et
913 1930 1050 1979 factu
1088 1931 1298 1992 difficile,
1339 1933 1626 1996 pulchrum:

247 2023 362 2055 nam
385 2006 621 2054 indicium
643 2006 879 2069 potentiae
903 2023 1003 2055 non
1026 2007 1257 2071 vulgaris.
1293 2010 1467 2057 Forma
1491 2025 1628 2073 egre-

247 2083 345 2147 gia,
369 2082 660 2146 pulchrum:
698 2082 892 2146 signum
925 2083 1054 2130 enim
1077 2083 1128 2131 in
1150 2101 1444 2149 unaquaque
1480 2101 1532 2133 re
1557 2092 1631 2134 est

248 2159 424 2223 operis,
466 2158 529 2206 ad
567 2158 697 2221 quod
740 2166 911 2206 natum
956 2166 1044 2218 est,
1092 2161 1285 2224 egregie
1329 2162 1629 2225 perficiendi.

247 2237 533 2284 Formosum
556 2243 722 2282 autem
745 2243 835 2293 est,
861 2235 992 2298 quod
1014 2235 1223 2285 formam
1247 2238 1351 2301 ejus
1375 2239 1447 2286 rei
1483 2239 1632 2286 habet

249 2328 396 2376 quam
426 2311 477 2358 in
501 2326 587 2358 suo
611 2325 790 2374 genere
815 2311 1048 2374 optimam
1083 2327 1187 2360 esse
1210 2313 1400 2376 experti
1417 2330 1597 2362 sumus.

315 2387 542 2446 Laudari,
562 2387 730 2446 amari,
749 2387 1036 2450 magnifieri,
1055 2389 1340 2451 pulchrum:
1366 2398 1480 2438 sunt
1504 2391 1635 2438 enim

249 2464 311 2513 de
344 2464 527 2512 virtute
561 2471 610 2511 et
643 2463 864 2526 potentia
896 2464 1189 2512 testimonia.
1259 2465 1338 2513 Ad
1364 2466 1634 2515 ministeria

248 2541 445 2606 publica
468 2541 704 2599 adhiberi,
729 2540 1013 2603 pulchrum:
1039 2549 1113 2588 est
1131 2541 1261 2589 enim
1282 2542 1475 2590 virtutis
1498 2543 1636 2590 testi-

249 2617 468 2666 monium
488 2617 753 2680 publicum.

318 2693 377 2741 In
400 2692 587 2740 artibus
611 2692 810 2740 inventa
831 2708 974 2752 nova,
999 2693 1038 2740 si
1067 2693 1223 2752 utilia,
1255 2693 1486 2758 pulchra:
1523 2712 1638 2743 nam

253 2768 394 2832 signa
428 2778 543 2816 sunt
571 2769 806 2833 potentiae
838 2769 1063 2832 egregiae.
1133 2770 1293 2834 Nugae
1328 2779 1516 2831 contra,
1542 2788 1637 2835 quo

254 2843 560 2905 difficiliores,
576 2845 734 2893 minus
749 2845 965 2908 pulchrae
983 2864 993 2892 :
1024 2845 1162 2909 signa
1177 2847 1373 2910 quidem
1387 2849 1636 2911 potentiae,
