2020 3262
727 215 798 248 DE
824 214 1153 249 RELIGIONE.
1526 211 1616 254 119

227 326 280 376 in
301 327 548 391 prosperis
579 327 762 391 gratias
793 343 894 375 non
922 343 1083 391 agere,
1123 343 1282 392 neque
1316 329 1367 376 in
1403 329 1618 379 adversis
1665 356 1793 389 313ch
1814 356 1862 389 11,

225 417 327 450 non
355 403 650 466 supplicare3
687 419 796 466 quae
828 410 943 450 sunt
970 403 1305 466 propriissima
1336 420 1485 467 opera
1514 406 1617 469 pie-
1732 408 1783 438 ¹4·

225 478 363 535 tatis3
398 479 451 527 in
473 479 548 527 his
572 479 702 527 enim
726 478 1040 527 continentur
1064 495 1201 527 amor
1225 487 1275 528 et
1297 490 1474 539 metus,
1511 482 1617 543 qui-

225 554 317 603 bus
334 555 566 619 jubemur
587 571 752 603 amare
776 561 826 603 et
847 555 1020 603 timere
1039 556 1213 603 Deum.

292 637 340 679 2.
377 630 494 679 Non
516 639 682 679 autem
704 630 774 678 ita
797 631 858 678 ab
881 630 1079 679 homine
1107 630 1344 679 amandus
1369 637 1443 678 est
1467 631 1614 691 Deus,
1633 642 1740 671 Amare
1753 646 1782 671 et
1796 643 1897 673 timere

223 713 281 754 ut
302 706 364 762 ab
397 705 596 754 homine
629 706 793 754 homo.
864 706 995 754 Nam
1029 722 1118 770 per
1152 721 1370 754 amorem
1403 706 1615 755 hominis
1634 686 1731 714 Deum
1748 687 1877 724 Ἰωάδη

223 796 343 846 erga
363 781 612 830 hominem
643 781 961 846 intelligimus
995 798 1187 846 semper
1217 788 1304 830 aut
1336 782 1615 846 cupidinem

222 857 551 921 amplectendi
574 865 660 906 aut
683 858 1096 913 benevolentiam;
1122 874 1331 922 quorum
1347 866 1614 922 utrumque

223 932 285 982 de
324 949 491 982 amore
534 950 652 998 erga
688 934 847 982 Deum
892 934 1167 997 intelligere
1207 934 1428 997 ineptum
1469 942 1612 984 esset.

221 1009 402 1058 Amare
427 1009 588 1057 Deum
612 1017 687 1058 est
707 1010 835 1058 Dei
817 1026 952 1073 jussa
983 1010 1152 1058 laetum
1175 1009 1352 1058 facere.
1421 1011 1614 1060 Timere

81 1134 103 1139 ,
220 1086 381 1135 Deum
404 1092 480 1134 est
502 1102 674 1134 cavere
697 1102 759 1134 ne
783 1086 1090 1134 incidamus
1078 1103 1130 1134 m
1147 1093 1364 1184 peecata,
1390 1103 1447 1136 eo
1467 1087 1614 1136 modo

91 1168 103 1202 ἰ’
164 1187 176 1193 .,
217 1178 318 1228 quo
342 1162 552 1212 solemus
574 1162 746 1211 timere
770 1163 918 1226 leges.

81 1233 84 1240 ’
215 1267 222 1271 -
287 1245 334 1287 3.
370 1238 512 1287 Fides
546 1246 727 1298 autem,
762 1246 1091 1303 praeterquam
1117 1255 1225 1287 eam
1249 1255 1345 1302 qua
1369 1238 1612 1287 eredimus
1632 1256 1717 1285 mes
1731 1256 1809 1295 quid.

216 1315 380 1364 Deum
402 1314 677 1363 condidisse
701 1323 751 1363 et
774 1331 944 1379 regere
976 1316 1156 1375 omnia,
1193 1316 1234 1364 si
1269 1316 1334 1363 sit
1370 1315 1431 1363 de
1465 1316 1612 1363 rebus

218 1407 328 1456 quae
361 1406 509 1455 supra
541 1398 732 1439 naturae
766 1391 994 1439 humanae
1030 1399 1229 1455 captum
1267 1392 1441 1455 positae
1482 1400 1612 1450 sunt,

218 1467 384 1531 opinio
409 1475 499 1526 est,
538 1483 646 1530 quae
669 1468 887 1515 nascitur
910 1468 971 1516 ab
997 1468 1300 1516 authoritate
1325 1468 1610 1516 dicentium.

218 1542 328 1591 Nisi
350 1559 468 1607 ergo
489 1544 796 1607 praecesserit
821 1544 987 1607 opinio
1018 1544 1151 1607 quod
1184 1544 1240 1604 is,
1273 1543 1357 1607 qui
1381 1543 1516 1603 dicit,
1556 1560 1614 1592 ea

218 1635 328 1683 quae
352 1619 472 1668 dicit
496 1619 645 1668 modo
674 1620 838 1683 aliquo
869 1620 1227 1683 supernaturali
1263 1620 1444 1679 scierit,
1478 1620 1614 1668 nulla

218 1711 326 1745 esse
370 1703 534 1760 potest
579 1712 727 1744 eausa
773 1713 922 1760 quare
967 1696 1038 1744 illi
1084 1695 1284 1744 credere
1332 1696 1609 1744 debeamus,

219 1771 363 1820 Circa
385 1787 464 1820 res
487 1787 604 1836 ergo
623 1772 1018 1836 supernaturales
1036 1772 1220 1820 nemini
1240 1772 1499 1831 credimus,
1517 1772 1612 1820 nisi

218 1863 364 1912 quem
396 1847 532 1911 prius
566 1847 753 1896 factum
793 1848 993 1912 aliquod
1029 1848 1203 1897 fecisse
1243 1849 1612 1912 supernaturale

218 1924 478 1972 credimus.
561 1924 758 1972 Dicenti
787 1932 951 1972 autem
980 1924 1126 1973 alicui
1150 1941 1222 1983 ea,
1258 1941 1368 1988 quae
1392 1925 1512 1973 dicit
1534 1926 1612 1973 vel

218 1999 380 2060 docet,
421 2001 712 2048 confirmata
750 2000 994 2048 miraculis
1036 2016 1156 2059 esse,
1195 2000 1440 2064 quomodo
1478 2000 1612 2048 credi

215 2082 382 2141 potest
408 2076 503 2125 nisi
538 2084 589 2125 et
622 2076 728 2140 ipse
761 2076 1048 2125 miraculum
1087 2076 1331 2124 ediderit?
1402 2077 1533 2125 Nam
1573 2077 1613 2125 si

215 2152 405 2202 homini
434 2153 629 2217 privato
662 2153 766 2201 sine
799 2153 1035 2201 miraculo
1071 2153 1370 2201 credendum
1405 2153 1482 2213 sit,
1525 2169 1613 2201 cur

66 2274 106 2298 2:
217 2228 411 2278 diversa
446 2228 728 2277 docentium
762 2229 849 2276 uni
877 2229 1033 2292 magis
1065 2246 1212 2292 quam
1236 2229 1409 2278 alteri?
1480 2229 1613 2277 Reli-

154 2363 158 2367 ,
214 2307 377 2372 gionis
401 2324 519 2371 ergo
542 2315 725 2356 nostrae
747 2323 861 2371 pars
885 2307 1097 2356 maxima
1121 2315 1170 2356 et
1194 2308 1299 2356 Deo
1333 2308 1613 2372 gratissima

82 2370 87 2387 Σ
201 2383 340 2442 ⁴fides
362 2384 424 2432 ab
458 2383 739 2432 hominibus
762 2383 981 2447 privatis,
1015 2383 1110 2432 nisi
1140 2383 1325 2432 faciant
1360 2384 1613 2441 miracula,

218 2458 495 2523 dependere
518 2475 619 2507 non
644 2458 805 2506 debet.

283 2542 332 2584 4.
370 2535 422 2584 Si
444 2535 634 2598 religio,
658 2540 839 2598 praeter
853 2550 958 2582 eam
980 2550 1091 2597 quae
1109 2534 1331 2582 consistit
1354 2534 1406 2582 in
1428 2534 1611 2598 pietate
1630 2548 1717 2577 Fides
1731 2549 1860 2587 ἅψειν·

217 2611 449 2670 naturali,
465 2611 528 2659 ab
552 2610 834 2658 hominibus
849 2609 1050 2673 privatis
1063 2625 1164 2658 non
1185 2609 1477 2673 dependeat,
1493 2618 1611 2658 tune
1630 2593 1839 2631 detalegssm

219 2686 550 2736 necessarium
574 2694 664 2746 est,
702 2685 1006 2734 cessantibus
1038 2685 1327 2749 jamdudum
1350 2685 1612 2745 miraculis,

217 2768 275 2811 ut
309 2762 585 2827 dependeat
622 2779 652 2810 a
687 2761 876 2824 legibus
913 2761 1141 2809 civitatis,
1213 2761 1403 2825 Religio
1444 2762 1612 2827 itaque

218 2837 528 2904 philosophia
563 2855 664 2887 non
701 2845 791 2897 est,
834 2837 921 2886 sed
955 2837 1006 2886 in
1041 2838 1174 2886 omni
1198 2838 1394 2887 civitate
1417 2838 1526 2896 lex3
1562 2846 1613 2887 et
