2020 3262
484 250 553 284 DE
581 249 844 284 SERMONE
873 249 939 282 ET
967 248 1260 282 scmNTns.
1500 239 1562 282 89

170 353 410 416 ‚cujusque
446 361 595 412 metu,
620 352 815 417 gaudio,
841 351 1085 415 cupidine,
1113 359 1162 399 et
1185 351 1375 398 caeteris
1412 352 1564 414 passi-

174 428 348 476 onibus
369 448 381 484 ;
418 429 469 477 id
493 429 626 493 quod
648 445 745 476 non
768 435 843 475 est
856 428 1007 491 loqui,
1022 434 1080 475 ut
1099 443 1155 474 ex
1177 443 1233 474 eo
1252 426 1564 474 manifestum

175 510 267 563 est,
284 504 416 567 quod
436 505 733 562 animalium,
752 520 861 567 quae
879 503 1097 567 ejusdem
1115 509 1230 550 sunt
1245 502 1439 565 speciei,
1454 502 1564 548 ubi-

173 579 247 627 vis
271 587 514 628 terrarum
538 596 682 628 voces
707 579 907 637 eaedem,
931 579 1187 627 hominum
1212 578 1417 625 diversae
1433 584 1563 624 sunt.

241 656 414 719 Itaque
451 663 629 704 caetera
659 656 888 703 animalia
920 655 1069 703 etiam
1100 654 1354 702 intellectu
1377 661 1571 701 carent..

172 730 262 778 Est
284 731 415 778 enim
449 731 727 779 intellectus
763 731 1048 794 imaginatio
1085 730 1297 794 quidem,
1335 728 1423 776 sed
1458 744 1566 791 quae

173 805 331 854 oritur
352 806 414 866 ex
436 807 698 854 verborum
723 806 1079 870 significatione
1104 806 1385 854 constituta.

239 887 286 929 2.
324 880 448 929 Cum
478 888 642 929 autem
679 882 917 930 vocabula
951 898 1011 929 ex
1047 882 1316 930 constituto
1350 882 1565 929 humano

173 963 285 1004 orta
308 972 412 1004 esse
437 957 658 1016 dixerim,
695 966 881 1020 quaeret
909 957 1116 1005 fortasse
1141 957 1331 1020 aliquis,
1358 973 1567 1020 quorum

171 1031 425 1079 hominum
461 1033 834 1080 constitutiones
864 1040 1058 1080 tantum
1088 1034 1301 1092 valuere,
1338 1041 1395 1080 ut
1417 1033 1565 1080 bene-

172 1107 355 1166 ficium,
382 1116 619 1172 quantum
643 1117 846 1172 praestat
864 1110 1005 1157 nobis
1025 1125 1201 1168 sermo,
1226 1110 1278 1157 in
1301 1125 1456 1173 genus
1476 1109 1567 1156 hu-

172 1199 372 1231 manum
387 1183 609 1231 conferre
624 1192 907 1248 potuerunt.
968 1185 1097 1232 Nam
1113 1186 1396 1233 convenisse
1413 1202 1568 1248 quon-

173 1259 286 1308 dam
309 1255 365 1307 in'
386 1260 642 1307 consilium
665 1261 904 1317 homines,
943 1269 1000 1309 ut
1036 1262 1184 1309 verba
1210 1263 1568 1324 verborumque

173 1343 432 1385 contextus
456 1337 574 1399 quid
598 1337 930 1400 significarent
954 1337 1152 1385 decreto
1178 1345 1467 1395 statuerent,
1493 1337 1568 1383 in-

173 1411 406 1460 credibile
431 1420 520 1460 est.
591 1413 833 1460 Credibile
864 1429 981 1476 ergo
1015 1421 1089 1461 est
1116 1414 1316 1461 nomina
1340 1414 1401 1461 ab
1426 1412 1567 1460 initio

171 1504 331 1552 pauca
364 1488 530 1548 fuisse,
571 1496 622 1536 et
654 1506 822 1537 earum
854 1506 1019 1537 rerum
1052 1506 1160 1552 quae
1191 1490 1402 1537 maxime
1427 1495 1569 1536 erant

171 1564 451 1613 familiares.
522 1566 694 1629 Itaque
728 1566 914 1629 primus
948 1566 1097 1614 homo
1124 1583 1210 1613 suo
1235 1565 1438 1613 arbitrio
1464 1563 1569 1612 ani-

172 1641 380 1688 malibus
416 1641 707 1704 quibusdam
743 1648 935 1689 tantum
973 1642 1174 1689 nomina
1203 1641 1452 1704 imposuit,
1490 1640 1565 1687 ni-

173 1716 352 1763 mirum
395 1732 502 1779 quae
543 1733 573 1764 a
612 1717 718 1764 Deo
756 1717 807 1763 in
850 1723 1165 1779 conspectum
1208 1717 1312 1779 ejus
1352 1716 1567 1763 adducta

173 1800 316 1839 erant
333 1813 344 1847 3
383 1791 558 1839 deinde
576 1792 721 1840 rebus
746 1792 867 1850 aliis,
887 1800 1036 1855 prout
1054 1792 1160 1839 aliae
1179 1792 1382 1855 aliaeque
1401 1807 1566 1839 rerum

174 1867 362 1932 species
385 1867 604 1916 sensibus
629 1869 733 1931 ejus
759 1884 862 1916 sese
887 1868 1199 1924 obtulerunt;
1238 1885 1346 1932 quae
1365 1867 1566 1915 nomina

174 1961 204 1992 a
243 1943 464 2007 patribus
503 1952 705 2007 accepta
743 1944 831 1991 filii
865 1944 1074 2007 posteris
1106 1944 1204 1991 suis
1237 1943 1563 2001 tradiderunt,

175 2019 258 2084 qui
282 2020 430 2068 etiam
462 2020 558 2068 alia
586 2021 957 2068 adinvenerunt.
1030 2020 1127 2068 Sed
1164 2036 1276 2068 cum
1316 2020 1365 2067 in
1405 2019 1564 2082 capite

173 2095 390 2144 secundo
415 2097 659 2145 Geneseos
681 2097 815 2160 prius
841 2097 1030 2144 dicatur
1051 2096 1183 2144 Deus
1208 2095 1564 2159 esumsruetzes

174 2171 377 2219 arbori-5·
412 2172 638 2219 scientia?
676 2171 789 2219 boni
823 2179 872 2219 ec
907 2171 1027 2219 mali
1057 2172 1381 2235 prohibuisse,
1419 2188 1565 2234 quam

174 2247 394 2297 Adamus
410 2248 623 2296 dedisset
642 2248 840 2295 nomina
857 2249 1002 2295 rebus
1021 2248 1145 2307 ullis,
1163 2247 1408 2311 quomodo
1428 2264 1564 2295 man-

175 2323 345 2372 datum
387 2324 480 2371 Dei
514 2324 785 2387 intelligere
825 2324 985 2387 potuit
1019 2323 1115 2383 ille,
1155 2324 1238 2387 qui
1279 2324 1397 2388 quid
1438 2331 1566 2371 esset

174 2399 340 2458 edere,
360 2399 478 2463 quid
477 2399 710 2463 fructus,
728 2400 846 2462 quid
868 2399 1038 2459 arbor,
1063 2400 1182 2463 quid
1196 2401 1426 2458 seientia,
1448 2400 1567 2463 quid

176 2474 384 2539 denique
409 2475 581 2523 bonum
605 2476 683 2523 vel
706 2475 899 2535 malum,
933 2477 1092 2524 adhuc
1116 2477 1393 2540 ignoravit?
1464 2476 1564 2523 Ne-

174 2566 308 2599 cesse
343 2567 460 2615 ergo
493 2559 568 2599 est
598 2559 656 2599 ut
687 2552 1067 2615 prohibitionem
1094 2553 1227 2600 illam
1252 2552 1465 2600 divinam
1489 2551 1564 2599 in-

170 2626 418 2674 tellexerit
441 2627 659 2675 Adamus
684 2644 783 2675 non
813 2644 872 2675 ex
902 2629 950 2676 vi
983 2629 1260 2687 verborum,
1298 2628 1384 2676 sed
1418 2627 1563 2675 modo

169 2700 338 2765 aliquo
364 2704 739 2766 supernaturali,
766 2712 823 2752 ut
845 2705 991 2768 paulo
1025 2713 1138 2769 post
1171 2705 1485 2753 manifestum
1506 2705 1564 2751 fit

158 2792 236 2831 flex
260 2793 335 2837 eo,
356 2778 489 2842 quod
512 2779 783 2844 interrogat
803 2796 915 2828 eum
939 2781 1086 2840 Deus,
1112 2781 1218 2844 quis
1242 2781 1311 2828 illi
1331 2780 1564 2828 indicavit

176 2853 307 2916 quod
331 2861 457 2903 esset
480 2855 655 2905 nudus.
728 2856 975 2916 Similiter,
1013 2857 1257 2920 quomodo
1279 2857 1442 2920 potuit
1465 2872 1563 2905 ser-

1613 383 1740 415 SECT.
1761 383 1812 415 11.

1689 435 1739 465 10.

1586 888 1731 917 Sermonis
1745 890 1832 926 origo.
