2020 3262
426 262 535 311 ‘234
610 271 616 278 ‘
974 279 1284 313 IMPERIUM.

180 408 308 441 snc'r.
330 410 398 441 111.
440 390 572 453 gitur
594 390 651 447 is,
686 390 768 454 qui
792 391 940 438 habet
964 408 1193 439 summum
1232 389 1508 454 imperium,
1534 403 1826 437 convocasse

196 506 204 514 ,
285 460 314 489 ⁶·
442 465 570 512 cives
594 465 658 513 ad
681 465 1031 528 disputandum
1056 466 1116 513 de
1138 466 1288 529 ipsius
1304 466 1431 528 jure,
1456 463 1564 522 nisi,
1589 470 1825 526 pertaesus

159 553 312 602 Summum
337 554 424 591 impe·
440 557 620 599 rerum,
668 540 859 588 disertis
904 541 1062 588 verbis
1106 541 1366 603 imperium
1411 538 1621 601 abjiciat.
1692 538 1828 587 Quo-

153 605 423 676 Jffldss‘gfflvl‘ssssss‘ss
441 616 572 663 niam
601 624 765 664 autem
804 616 1016 679 plurimi,
1048 632 1135 679 per
1172 615 1429 672 inscitiam,
1464 629 1557 677 pro
1589 629 1827 661 consensu

442 691 652 740 civitatis
670 692 854 739 habent
870 708 970 739 non
986 692 1133 739 modo
1153 706 1444 738 consensum
1459 689 1657 752 majoris
1671 688 1830 751 partis

442 767 635 823 civium,
661 767 747 814 sed
781 767 930 814 etiam
964 767 1104 814 valde
1141 782 1425 829 paucorum,
1448 765 1488 812 si
1520 780 1682 812 secum
1718 779 1829 811 sen-

440 842 579 900 tiant,
602 848 767 905 posset
800 842 858 889 iis
881 841 1037 888 videri
1062 842 1321 905 imperium
1345 857 1575 888 summum
1605 841 1717 902 jure
1741 839 1827 886 ab·

440 917 619 980 rogari,
645 917 791 964 modo
816 916 867 963 id
905 918 989 963 fiat
1024 916 1075 963 in
1098 933 1277 979 magno
1303 916 1465 979 aliquo
1491 921 1737 963 conventu
1759 914 1828 962 ci-

439 993 573 1039 vium
593 1008 682 1055 per
697 992 926 1054 suffragia
942 993 1036 1054 maj
1043 992 1138 1039 oris
1156 992 1361 1039 numeri.
1422 991 1518 1039 Sed
1533 1005 1829 1053 quamquam

439 1068 696 1130 imperium
719 1083 808 1129 per
838 1075 984 1129 pacta
1011 1067 1313 1130 singulorum
1347 1083 1458 1113 cum
1483 1065 1685 1128 singulis
1710 1081 1828 1113 con-

440 1144 686 1200 stituatur,
700 1158 799 1189 non
813 1149 978 1189 tamen
996 1142 1057 1188 ab
1074 1158 1131 1189 ea
1151 1141 1253 1188 sola
1269 1141 1568 1204 obligatione
1585 1139 1829 1203 dependet

439 1218 630 1280 imperii
648 1219 743 1280 jus.
811 1217 1019 1264 Accedit
1041 1217 1274 1279 obligatio
1300 1232 1416 1278 erga
1448 1215 1713 1263 habentem
1735 1214 1827 1262 im-

439 1293 644 1356 perium.
715 1291 843 1339 Civis
885 1291 1014 1338 enim
1037 1291 1370 1354 unusquisque
1394 1307 1506 1338 cum
1528 1305 1826 1353 unoquoque

439 1368 705 1430 paciscens,
742 1367 810 1414 sic
846 1366 981 1425 dicit,
1020 1383 1144 1430 ergo
1168 1368 1260 1428 jus
1296 1383 1449 1413 meum
1481 1365 1740 1429 transfero
1774 1365 1826 1413 in

440 1443 582 1501 hunc,
601 1449 655 1489 ut
680 1449 732 1489 tu
753 1449 885 1489 tuum
910 1442 1197 1505 transferas
1221 1442 1271 1488 in
1295 1441 1515 1489 eundem.
1565 1440 1708 1488 Unde
1727 1441 1824 1503 jus,

442 1518 572 1581 quod
608 1517 941 1579 unusquisque
971 1517 1183 1563 habebat
1217 1516 1388 1563 utendi
1410 1516 1594 1563 viribus
1626 1515 1724 1563 suis
1762 1515 1829 1563 ad

440 1593 692 1656 proprium
723 1592 1029 1650 beneficium,
1055 1598 1215 1638 totum
1243 1591 1534 1638 translatum
1559 1598 1634 1638 est
1664 1591 1716 1638 in
1739 1590 1827 1638 ali-

441 1685 587 1732 quem
615 1668 865 1716 hominem
881 1667 958 1714 vel
982 1667 1242 1714 concilium
1276 1666 1340 1714 ad
1361 1666 1653 1713 beneficium
1691 1681 1841 1713 com-<

439 1760 601 1791 mune.
671 1744 845 1807 Itaque
879 1741 1292 1789 intercedentibus
1327 1741 1500 1804 pactis,
1526 1740 1701 1803 quibus
1725 1739 1839 1788 sin-‘

439 1820 566 1882 gulis
600 1819 778 1882 singuli
812 1818 1106 1881 obligantur,
1132 1824 1182 1864 et
1209 1817 1331 1880 juris
1370 1816 1651 1874 donatione,
1677 1831 1826 1879 quam

439 1902 600 1942 ratam
621 1895 800 1942 habere
835 1893 1112 1956 obligantur
1134 1891 1409 1954 imperanti,
1437 1891 1621 1954 duplici
1643 1890 1827 1954 obliga-

440 1970 575 2017 tione
615 1970 792 2017 civium
827 1969 1046 2016 munitur
1090 1967 1363 2030 imperium,
1403 1982 1461 2014 ea
1501 1982 1610 2029 quae
1647 1973 1722 2015 est
1762 1965 1826 2012 ad

442 2045 678 2103 concives,
703 2052 754 2092 et
777 2061 835 2092 ea
858 2060 966 2106 quae
986 2051 1059 2090 est
1082 2043 1146 2090 ad
1167 2042 1504 2105 imperantem.
1574 2041 1689 2088 Non
1706 2055 1825 2103 ergo

441 2120 585 2178 cives,
634 2126 944 2182 quotcunque
990 2118 1190 2176 fuerint,
1237 2117 1341 2165 sine
1392 2132 1632 2164 consensu
1675 2115 1823 2163 etiam

441 2196 592 2258 ipsius
606 2194 902 2258 imperantis,
913 2210 1025 2241 eum
1043 2193 1250 2257 spoliare
1268 2192 1470 2255 imperio
1480 2193 1589 2255 jure
1603 2196 1820 2255 possunt.

994 2531 1252 2551 11
