2020 3262
490 239 587 282 260
1023 253 1329 287 lMPERmM.

230 377 356 409 sEcr.
378 378 450 411 111.
490 360 683 408 miseria
706 360 768 408 sit
791 361 859 409 ita
882 363 1099 412 cohiberi
1113 381 1174 412 ne
1193 365 1295 428 ipse
1316 364 1407 412 sibi
1429 371 1620 422 noceat,
1636 371 1686 411 et
1699 363 1872 422 vitam,

245 428 436 497 „fg-j
491 451 637 497 quam
672 437 798 484 bello
828 438 904 485 vel
940 438 1206 487 infortunio
1229 439 1306 488 vel
1340 440 1535 487 demum
1575 439 1752 487 inertia
1782 455 1870 486 sua

490 511 729 570 amiserat,
760 528 858 559 una
895 530 1006 560 cum
1041 515 1263 562 omnibus
1299 515 1538 562 alimentis
1566 520 1615 562 et
1645 513 1872 561 omnibus

489 586 632 633 rebus
657 586 720 634 ad
742 587 893 634 vitam
924 595 974 636 et
1002 590 1258 637 sanitatem
1285 589 1566 637 necessariis
1590 604 1648 636 ea
1668 589 1776 652 lege
1793 604 1870 636 re-

490 661 650 724 cipere
674 670 729 709 ut
752 670 965 725 regatur.
1038 665 1135 713 Qui
1173 666 1302 712 enim
1337 665 1407 712 ita
1438 665 1692 712 cohibetur
1713 663 1870 727 poenis

487 737 764 800 propositis,
780 754 841 784 ne
861 739 1023 786 omnia
1039 756 1147 802 quae
1164 741 1268 787 vult
1282 739 1443 799 faciat,
1467 756 1566 787 non
1581 739 1871 803 opprimitur

487 812 740 871 Servitute,
767 813 852 859 sed
879 814 1067 876 regitur
1091 822 1140 861 et
1164 822 1477 862 sustentatur.
1548 815 1658 863 Hoc
1690 821 1870 872 autem,

489 887 539 934 in
569 888 701 935 omni
722 888 918 936 civitate
937 897 986 936 et
1004 889 1201 946 familia,
1219 891 1303 938 ubi
1321 891 1447 938 servi
1466 891 1721 948 exsistunt,
1741 889 1871 937 cives

490 962 656 1021 liberi,
682 970 731 1010 et
747 963 1085 1026 filiifamilias
1116 981 1218 1027 prae
1241 965 1400 1012 servis
1420 965 1650 1013 eximium
1672 965 1871 1023 habent,

489 1047 545 1085 ut
562 1046 612 1085 et
630 1039 898 1086 ministeria
921 1040 1129 1088 civitatis
1151 1041 1228 1088 vel
1250 1041 1445 1088 familiae
1470 1041 1647 1088 obeant
1662 1040 1873 1088 honorae

490 1104 630 1163 tiora,
648 1113 697 1152 et
713 1106 821 1168 plus
836 1107 1115 1169 possideant
1129 1124 1292 1154 rerum
1307 1108 1674 1171 superfluarum.
1710 1107 1871 1170 Atque

489 1180 540 1227 in
577 1181 670 1228 hoc
704 1181 798 1229 sita
829 1190 904 1229 est
929 1182 1203 1231 differentia
1238 1183 1366 1230 inter
1401 1183 1551 1231 civem
1588 1182 1796 1230 liberam
1823 1187 1874 1229 et

489 1271 713 1311 servum.;
740 1257 872 1319 quod
892 1271 1059 1305 LIBER
1086 1258 1281 1321 quidem
1304 1258 1344 1305 is
1365 1259 1441 1317 sit,
1458 1258 1541 1321 qui
1559 1258 1648 1305 soli
1671 1257 1872 1316 civitati,

491 1345 704 1379 SERVUs
731 1339 911 1389 autem,
937 1332 1020 1394 qui
1036 1333 1183 1380 etiam
1207 1333 1397 1380 concivi
1421 1333 1584 1380 servit.
1652 1332 1873 1380 Libertas

489 1405 584 1452 alia
607 1407 764 1453 omnis
790 1407 999 1454 exemtio
1015 1416 1090 1455 est
1112 1424 1142 1455 a
1163 1409 1351 1471 legibus
1370 1409 1596 1466 civitatis,
1615 1414 1664 1456 et
1677 1407 1875 1471 propria

487 1480 847 1543 imperantium.

207 1565 301 1616 {deni
315 1569 358 1594 est
371 1565 422 1603 jus
440 1565 471 1593 in
562 1561 636 1603 10.
672 1555 1076 1620 Paterfamilias,
1113 1556 1263 1604 liberi
1290 1557 1517 1621 servique
1540 1559 1659 1620 ejus,
1693 1557 1875 1605 virtute

205 1618 472 1690 ἶὲᾞῖᾏῗζὲῗῃζυῖἷ
490 1631 680 1694 imperii
702 1632 910 1694 paterni,
934 1632 985 1678 in
1014 1648 1163 1679 unam
1198 1648 1457 1694 personam
1481 1633 1670 1680 civilem
1695 1633 1873 1691 coaliti,

205 1696 239 1724 ³¹²
250 1696 420 1724 ³¹²⁸fit¹¹tiv⁰·
492 1721 726 1755 FAMILIA
752 1706 947 1754 dicitur.
1017 1707 1217 1766 Eadem,
1229 1707 1274 1754 si
1289 1707 1692 1770 multiplicatione
1706 1707 1875 1771 prolis

492 1790 540 1830 et
563 1798 814 1830 Servorum
846 1782 1164 1845 acquisitione
1187 1798 1444 1829 numerosa
1465 1783 1568 1841 fiat,
1592 1782 1662 1829 ita
1693 1789 1750 1829 ut
1774 1782 1876 1830 sine

489 1859 605 1906 belli
635 1859 823 1905 incerta
846 1857 949 1905 alea
975 1857 1224 1920 subjugari
1245 1873 1343 1905 non
1366 1858 1532 1920 possit,
1556 1857 1878 1920 appellabitur

493 1948 732 1981 REGNUM
782 1948 1220 1980 PATRIMONIALE.
1306 1933 1453 1981 Quod
1500 1949 1792 1996 quamquam
1828 1933 1877 1982 vi

489 2000 785 2071 acquisitum
810 2008 1001 2055 differat
1024 2025 1053 2055 a
1076 2007 1361 2055 monarchia
1387 2007 1666 2055 institutiva
1689 2007 1876 2070 origine

490 2091 542 2132 et
579 2084 724 2132 modo
761 2084 1106 2142 constituendi,
1146 2083 1465 2131 constitutum
1504 2089 1667 2130 tamen
1707 2098 1875 2130 omnes

493 2159 685 2207 easdem
727 2159 876 2207 habet
911 2159 1250 2222 proprietates,
1288 2165 1337 2206 et
1359 2158 1490 2206 idem
1521 2166 1594 2205 est
1614 2158 1875 2222 utrobique

491 2235 682 2298 imperii
701 2235 795 2296 jus,
818 2241 876 2281 ut
898 2250 998 2281 non
1022 2234 1085 2281 sit
1109 2250 1230 2297 opus
1247 2234 1484 2296 quidlibet
1508 2233 1567 2280 de
1590 2233 1648 2280 iis
1673 2234 1876 2281 seorsim

494 2309 669 2357 dicere.

209 2401 339 2451 Quaestio
354 2401 388 2451 (ις,
406 2401 473 2450 jufe
564 2391 637 2433 11.
677 2385 786 2438 Quo
828 2385 937 2447 jure
975 2400 1162 2431 summa
1200 2384 1403 2446 imperia
1442 2383 1707 2430 constituta
1746 2390 1875 2441 sunt,

208 2454 475 2516 Ξξξξθῖῗζζῗηῇξῖ
493 2460 681 2508 dictum
718 2467 819 2514 est;
856 2459 1069 2506 breviter
1100 2460 1218 2522 jam,
1249 2475 1344 2521 quo
1382 2459 1489 2521 jure
1514 2458 1874 2518 continuentur,

207 2529 305 2559 ¹⁰⁰¹²¹¹²
318 2530 414 2559 habet·
494 2536 753 2583 dicendum
777 2543 865 2582 est.
935 2535 1023 2582 Jus
1047 2541 1210 2582 autem
1240 2550 1335 2596 quo
1362 2533 1723 2591 continuantur,
1755 2533 1877 2582 illud

493 2618 567 2659 est
593 2611 724 2674 quod
747 2610 1020 2673 appellatur
1051 2611 1130 2672 jus
1157 2622 1560 2657 succEssles.
1631 2608 1876 2656 Quoniam

492 2694 657 2734 autem
702 2686 753 2733 in
801 2685 1124 2744 democratia,
1173 2699 1412 2731 summum
1457 2682 1711 2746 imperium
1745 2683 1876 2746 apud

485 2761 727 2826 populum
751 2767 838 2820 est,
865 2760 1097 2824 quamdiu
1121 2760 1249 2807 cives
1272 2759 1501 2817 existunt,
1519 2758 1707 2806 tamdiu
1727 2774 1877 2822 penes

493 2837 697 2884 eandem
721 2844 795 2885 est
812 2852 1089 2900 personam.
1159 2834 1369 2897 Populus
1394 2833 1521 2882 enim
1544 2850 1876 2882 successorem
