2020 3262
292 283 652 317 COMPARATIO
676 282 993 316 SPECIERUM
1015 283 1195 317 TRIUM
1226 285 1518 319 CIVITATIS.
1556 275 1652 326 275

253 401 480 444 statuunt
524 395 654 443 inter
696 410 748 443 se
788 394 852 445 ad
895 394 1177 457 proximum
1224 404 1523 445 conventum
1559 398 1655 446 fre·
1694 422 1821 453 SECT,
1844 422 1914 455 ιη,

254 479 460 535 quentes
485 478 535 519 et
572 471 718 535 primi
741 470 944 525 adesse;
983 469 1253 533 disponunt
1291 471 1410 533 quid
1450 474 1653 537 quisque
1709 474 1899 535 »1⁰42

253 555 305 596 et
328 563 425 611 quo
444 547 616 596 ordine
640 546 802 594 dicere
820 546 1012 604 debeat,
1035 553 1092 593 ut
1129 561 1207 594 res
1244 545 1404 594 denuo
1424 548 1652 611 agitetur,
1803 534 1808 543 ⁶

254 632 306 674 et
329 625 464 689 quod
485 624 822 688 frequentibus
847 621 1136 670 adversariis
1169 629 1348 681 ratum,
1374 623 1427 670 id
1463 623 1652 680 iisdem,

253 701 419 765 aliqua
451 717 511 748 ex
546 711 686 763 parte
722 714 811 762 per
847 698 1199 762 negligentiam
1232 699 1532 759 absentibus,
1568 701 1655 748 fiat

252 776 462 826 irritum.
532 777 696 839 Atque
719 774 999 838 hujusmodi
1022 774 1267 822 industria
1284 774 1653 839 diligentiaque,

254 869 352 916 qua
372 859 583 901 utuntur
606 850 670 898 ad
685 850 989 914 faciendum
1013 850 1266 914 populum,
1284 850 1466 913 factio
1487 853 1654 915 appel-

251 929 345 977 lari
363 928 502 977 solet.
574 926 787 977 Quando
812 926 1178 988 autemsactiO,
1205 926 1450 990 suffragiis
1475 928 1653 986 minor,

251 1005 438 1053 viribus
468 1005 627 1068 major
654 1001 732 1050 vel
763 1019 865 1051 non
894 1003 1050 1051 multo
1079 1002 1242 1050 minor
1266 1011 1354 1061 est,
1380 1010 1499 1051 tunc
1524 1003 1656 1066 quod

251 1080 533 1145 eloquentia
554 1088 605 1128 et
641 1088 747 1129 arte
780 1080 1001 1127 obtinere
1035 1095 1137 1127 non
1168 1087 1389 1143 potuere,
1415 1080 1467 1128 id
1507 1080 1655 1128 armis

251 1163 464 1215 tentant,
490 1164 540 1204 et
562 1156 746 1204 bellum
779 1155 999 1203 nascitur
1023 1154 1182 1203 civile.
1254 1155 1352 1203 Sed
1375 1155 1497 1213 haec,
1522 1156 1655 1203 dicet

249 1225 442 1296 aliquis,
466 1248 567 1280 non
597 1232 890 1290 necessario,
922 1247 1014 1279 nec
1039 1247 1168 1294 saepe
1197 1231 1442 1280 accidunt.
1515 1232 1652 1280 Idem

250 1309 413 1357 dicere
441 1315 621 1372 posset,
647 1316 868 1356 oratores
894 1324 994 1355 non
1019 1323 1124 1355 esse
1149 1308 1425 1355 necessario
1450 1308 1653 1371 cupidos

247 1383 434 1448 gloriae,
471 1391 521 1432 et
555 1401 658 1433 non
696 1401 823 1448 saepe
848 1385 899 1432 in
929 1384 1120 1447 magnis
1144 1385 1290 1432 rebus
1316 1401 1519 1448 magnos
1544 1402 1653 1433 ora-

248 1469 380 1508 tores
405 1460 681 1508 dissentire.

319 1542 396 1584 13.
433 1536 667 1600 Sequitur
703 1552 763 1584 ex
798 1535 891 1595 his,
915 1535 1001 1583 ubi
1035 1535 1201 1598 legum
1224 1535 1540 1583 ferendarum
1563 1553 1651 1599 po-
1670 1551 1889 1601 rrqpmrinsa

245 1618 398 1660 testas
435 1627 626 1660 summa
663 1612 725 1659 ad
767 1618 1038 1658 conventus
1081 1610 1204 1658 tales
1242 1610 1478 1671 defertur,
1516 1612 1650 1676 leges
1668 1595 1934 1634 b¹¹¹mt⁰¹¹¹¹eg¹¹m³

244 1686 499 1736 instabiles
522 1703 644 1747 esse,
668 1687 963 1749 mutarique,
986 1701 1088 1733 non
1118 1686 1182 1733 ad
1204 1686 1528 1735 mutationem
1553 1696 1652 1736 sta-

244 1770 326 1811 tus
362 1779 529 1811 rerum
563 1764 725 1827 neque
763 1762 827 1810 ad
865 1762 1190 1810 mutationem
1227 1763 1520 1822 animorum,
1563 1765 1651 1812 sed

243 1846 394 1901 prout
410 1840 568 1903 major
582 1854 813 1886 numerus
828 1838 1084 1886 hominum
1098 1855 1230 1886 nunc
1246 1855 1307 1886 ex
1321 1839 1429 1897 hac,
1439 1855 1572 1888 nunc
1589 1857 1649 1888 ex

242 1913 328 1962 illa
332 1915 576 1978 factione
591 1914 884 1963 confluxerit
908 1913 973 1961 ad
987 1914 1178 1961 curiam
1189 1933 1207 1968 ;
1232 1916 1303 1963 ita
1325 1922 1382 1962 ut
1405 1915 1538 1978 leges
1563 1916 1647 1974 ibi,

241 1997 478 2054 tanquam
511 2006 657 2054 super
688 1990 862 2048 undas,
899 1990 996 2037 huc
1034 1989 1149 2037 illuc
1173 1990 1431 2038 fluctuent.

315 2072 391 2114 14.
429 2067 542 2114 Hoc
567 2067 716 2114 etiam
741 2072 916 2129 quarto
950 2065 1059 2113 loco
1097 2065 1473 2114 deliberationes
1508 2083 1645 2131 mag-
1666 2078 1789 2130 Prppter

241 2158 420 2191 norum
453 2151 671 2190 coetuum
711 2141 1011 2190 incommodi
1048 2142 1250 2201 habent,
1277 2142 1410 2205 quod
1434 2143 1645 2191 civitatis
1664 2123 1882 2196 &iffi-ffatim

240 2219 465 2277 concilia,
492 2235 602 2282 quae
626 2218 778 2266 tacita
801 2234 905 2266 esse
929 2218 1195 2282 saepissime
1218 2219 1475 2282 permagni
1498 2220 1646 2269 inter-

239 2303 331 2354 est,
351 2303 467 2344 ante
487 2295 551 2343 ad
568 2295 793 2343 inimicos
813 2294 1141 2358 proferantur,
1162 2312 1309 2358 quam
1327 2296 1518 2359 possint
1535 2312 1645 2360 per-

238 2370 352 2419 duci
376 2372 441 2420 ad
465 2372 693 2419 effectum
714 2393 725 2426 ;
771 2379 821 2419 et
853 2371 972 2434 quid
998 2371 1169 2434 possit,
1195 2371 1314 2434 quid
1346 2388 1447 2419 non
1472 2373 1642 2435 possit,

239 2447 358 2511 quid
380 2448 514 2506 velit,
544 2447 663 2510 quid
686 2447 825 2505 nolit,
853 2447 1163 2510 exploratum
1199 2447 1414 2496 externis
1439 2448 1517 2506 sit,
1543 2464 1642 2496 non

236 2523 399 2572 minus
423 2540 572 2588 quam
595 2523 687 2587 ipsi
713 2523 985 2588 imperanti
1000 2524 1212 2588 popula

316 2606 392 2649 15.
443 2599 763 2648 Incommoda
808 2600 930 2658 haec,
968 2617 1078 2663 quae
1118 2601 1170 2648 in
1207 2600 1642 2648 deliberationibus
1663 2609 1707 2637 1³11
1720 2610 1906 2639 incommoda

1661 2654 1845 2682 democratiae
1865 2654 1912 2682 ud-

236 2690 528 2740 magnorum
544 2683 875 2724 conventuum
891 2676 1218 2738 reperiuntur,
1228 2684 1430 2724 eatenus
1446 2692 1643 2723 monar-
1660 2697 1931 2735 12aerere‚quatenus

1660 2740 1793 2769 homines
1815 2745 1932 2769 natura-

237 2750 400 2799 chiam
417 2751 733 2799 democratia
748 2751 1001 2799 meliorem
1021 2767 1125 2799 esse
1142 2752 1390 2812 evincunt,
1402 2759 1642 2815 quatenus
1660 2783 1727 2812 mer
1748 2784 1932 2813 demantur

235 2825 288 2873 in
307 2826 622 2875 democratia
645 2842 723 2874 res
742 2827 942 2874 maximi
962 2828 1198 2875 momenti
1222 2828 1402 2875 talibus
1429 2843 1642 2876 conven-
1661 2828 1873 2908 {xi-mmmm
1890 2828 1932 2856 in·

234 2901 364 2950 tibus
406 2902 729 2951 discutiendae
768 2903 944 2966 saepius
984 2903 1378 2964 committuntur,
1416 2919 1564 2966 quam
1591 2905 1643 2952 in

1401 2995 1433 3028 Τ
1457 2991 1476 3021 2
