2020 3262
184 365 309 397 SECT.
329 366 379 399 ΙΙ.

261 417 307 447 12.

188 1099 349 1127 AEmulatio

190 1145 218 1170 et
231 1143 347 1170 invidia.

189 1326 356 1354 Admiratio.

437 224 527 266 110
937 236 1006 269 DE
1035 235 1274 270 HOMINE.

434 343 688 391 criminum
719 361 885 407 poenas
922 345 1056 405 dant,
1094 348 1252 395 minus
1290 348 1656 408 miserescimus,
1688 351 1801 413 quia

431 426 516 467 aut
539 419 726 467 odimus
750 421 1098 481 malefactores,
1124 431 1208 470 aut
1248 423 1298 470 in
1333 423 1473 470 nobis
1512 440 1613 472 esse
1646 425 1800 473 credi-

430 510 535 542 mus
558 510 619 542 ne
642 495 692 542 in
715 495 867 542 simile
886 505 1139 559 peccatum
1158 498 1440 546 incidamus.
1479 498 1649 562 Itaque
1669 501 1800 563 quod

430 585 612 628 eorum,
631 569 713 632 qui
736 578 973 618 aeternum
994 572 1199 619 cruciari
1218 573 1347 635 apud
1361 573 1538 621 inferos
1557 575 1798 634 dicuntur,

428 644 573 707 idque
598 645 892 693 cruciatibus
917 646 1266 706 intensissimis,
1289 664 1432 696 nemo
1456 649 1556 696 fere
1581 650 1802 698 miseres-
1837 673 1846 681 ·

431 728 525 778 cat,
550 721 675 768 ratio
714 736 816 768 esse
851 728 1014 784 potest
1047 723 1123 770 vel
1148 723 1260 786 quia
1292 724 1531 771 credimus
1554 725 1682 773 idem
1704 742 1803 774 non

429 811 568 857 posse
603 795 820 843 accidere
856 797 1009 855 nobis,
1046 798 1124 844 vel
1161 799 1274 860 quia
1310 799 1592 862 imaginatio
1631 807 1800 862 nostra

431 870 670 918 cruciatus
693 871 801 918 illos
834 887 933 919 non
956 873 1071 919 satis
1102 872 1294 920 fortiter
1318 875 1701 937 comprehendit,
1725 877 1801 924 vel

432 946 545 1007 quia
568 946 649 1008 qui
670 947 775 994 haec
799 947 868 995 ita
899 963 999 995 esse
1035 948 1212 996 docent
1234 966 1331 996 non
1367 950 1436 998 ita
1457 950 1642 1010 vivunt,
1668 967 1725 999 ac
1760 953 1801 999 si

430 1020 522 1083 ipsi
546 1021 736 1069 sibimet
759 1022 874 1085 ipsis
906 1023 956 1069 in
990 1039 1046 1070 ea
1068 1039 1120 1070 re
1146 1024 1413 1072 crederent.

503 1102 575 1144 11.
612 1097 762 1144 Dolor
796 1097 857 1144 ob
894 1098 1152 1160 praelatum
1191 1099 1282 1145 sibi
1321 1100 1484 1158 alium,
1510 1101 1799 1163 conjunctus

431 1186 541 1218 cum
565 1179 743 1227 conatu
765 1173 976 1235 proprio,
1003 1180 1075 1220 est
1092 1174 1334 1221 aemulatio
1357 1194 1367 1221 ε
1406 1175 1491 1222 sed
1509 1177 1799 1239 conjunctus

431 1262 542 1293 cum
559 1247 809 1294 voluntate
822 1247 1078 1309 praelatum
1096 1249 1187 1295 sibi
1204 1249 1496 1309 retrahendi,
1512 1251 1694 1299 invidia
1709 1260 1796 1300 est.

502 1327 576 1368 12.
611 1322 882 1370 Admiratio
905 1323 1064 1385 passio
1089 1331 1161 1370 est
1195 1324 1513 1386 gaudentium
1547 1326 1795 1374 novitate:

430 1395 616 1444 homini
639 1397 768 1443 enim
791 1398 1058 1445 novitatem
1081 1414 1243 1446 amare
1266 1401 1487 1448 naturale
1511 1408 1598 1448 est.
1660 1402 1800 1450 Nova

434 1478 599 1518 autem
623 1472 843 1531 dicimus,
869 1489 977 1535 quae
1008 1489 1118 1520 raro
1142 1474 1369 1522 accidunt
1389 1496 1400 1530 ;
1439 1492 1546 1538 quae
1563 1484 1725 1524 autem
1746 1478 1799 1525 in

430 1562 723 1610 unoquoque
757 1564 934 1611 genere
965 1564 1126 1595 rerum
1160 1565 1336 1612 magna
1359 1559 1487 1609 sunt,
1512 1552 1656 1599 etiam
1690 1568 1800 1600 rara

431 1629 558 1670 sunt.
593 1623 681 1670 Est
704 1629 865 1670 autem
883 1623 989 1670 haec
1011 1624 1171 1685 passio
1195 1624 1446 1672 hominum
1463 1625 1564 1673 fere
1586 1627 1796 1690 propria.

430 1697 536 1745 Etsi
571 1698 700 1745 enim
723 1706 903 1746 caetera
925 1698 1165 1757 animalia,
1192 1700 1385 1762 quando
1409 1716 1589 1748 novum
1612 1709 1697 1749 aut
1725 1702 1799 1750 in-

429 1773 664 1821 usitatum
709 1773 892 1836 aliquid
938 1773 1195 1837 aspiciunt,
1243 1790 1453 1837 eousque
1499 1775 1799 1824 admirantur

430 1848 547 1896 dum
592 1865 654 1896 an
698 1848 813 1911 ipsis
858 1849 1057 1896 noxium
1103 1849 1165 1896 sit
1208 1850 1285 1896 vel
1329 1849 1580 1897 innoxium
1613 1851 1800 1914 possint

424 1923 644 1986 judicare
661 1944 672 1979 ;
707 1923 926 1971 homines
945 1932 1107 1971 tamen
1127 1924 1257 1986 quod
1274 1941 1454 1972 novum
1470 1925 1651 1984 vident,
1670 1926 1798 1974 unde
1827 1990 1832 1992 ‚

427 1998 720 2061 productum
743 1999 821 2057 sit,
847 2006 897 2046 et
920 1999 983 2046 ad
1007 1999 1127 2062 quid
1160 2015 1216 2046 eo
1240 1999 1314 2046 uti
1336 2007 1538 2062 possunt
1559 2009 1796 2064 quaerunt.

429 2073 600 2136 Itaque
617 2074 832 2121 novitate
849 2073 1079 2136 gaudent,
1095 2081 1150 2121 ut
1169 2090 1424 2122 causarum
1442 2076 1798 2138 effectuumque

428 2148 874 2212 cognoscendarum
897 2149 1163 2196 occasione.
1200 2150 1274 2196 Ex
1299 2165 1393 2212 quo
1415 2151 1646 2213 sequitur,
1666 2151 1798 2214 quod
1832 2158 1838 2167 ¹

429 2224 511 2286 qui
533 2224 673 2286 plura
697 2239 840 2286 quam
864 2223 945 2270 alii
978 2223 1259 2282 admiratur,
1284 2224 1389 2272 aliis
1413 2226 1489 2273 vel
1523 2226 1794 2288 imperitior

427 2299 503 2346 vel
525 2298 820 2362 ingeniosior
835 2298 922 2351 sit;
958 2299 1202 2358 nimirum,
1220 2299 1260 2346 si
1281 2300 1422 2362 plura
1444 2301 1488 2348 ei
1512 2301 1797 2364 contingant

427 2372 888 2437 nova,·imperitior;
925 2373 965 2420 si
990 2373 1159 2420 eadem
1194 2390 1320 2421 nova
1341 2375 1493 2438 magis
1516 2375 1794 2435 admiretur,

426 2448 734 2511 ingeniosior.

495 2524 716 2571 Infinitus
752 2539 875 2587 pene
911 2530 1038 2571 esset
1075 2539 1304 2571 numerus
1337 2525 1631 2587 passionum,
1657 2526 1697 2573 si
1733 2526 1796 2573 ad

429 2615 623 2647 omnem
659 2615 825 2647 earum
863 2599 1336 2663 quantulamcunque
1369 2599 1689 2648 differentiam
1727 2602 1797 2649 di-

428 2689 565 2721 versa
584 2675 678 2722 illis
700 2675 1055 2737 imponeremus
1077 2675 1288 2723 nomina.
1326 2675 1422 2722 Sed
1445 2692 1556 2723 cum
1579 2677 1712 2724 nulla
1734 2677 1796 2725 sit

430 2764 537 2810 quae
553 2766 652 2797 non
671 2750 733 2797 sit
750 2751 937 2808 harum,
958 2766 1076 2813 quas
1096 2750 1447 2813 descripsimus,
1468 2751 1611 2799 alicui
1625 2752 1794 2810 affinis,

430 2823 489 2870 de
511 2824 586 2871 his
610 2824 784 2872 dixisse
809 2825 1026 2872 contenti
1050 2825 1241 2873 erimus.
