2020 3262
244 262 318 296 nn
345 263 489 298 sulm
518 263 670 308 EJUS,
697 262 792 297 cm
820 262 1071 297 SUMMUM
1099 264 1407 297 IMPERIUM.
1467 251 1565 303 227

148 381 328 424 ‘tamen
351 392 410 425 eo
429 377 540 440 jure
563 376 706 425 aliter
719 383 868 440 atque
888 383 1026 424 recta
1042 376 1168 424 ratio
1186 375 1403 439 postulat
1419 383 1564 423 uten-
1602 393 1733 425 sncT.
1755 393 1823 426 111.

160 458 252 511 tes,
275 461 487 516 peccant
527 460 701 501 contra
735 452 868 516 leges
901 452 1165 508 naturales,
1198 450 1251 498 id
1283 458 1357 498 est
1389 458 1564 499 contra
1620 445 1810 514 -ff-ae

140 525 336 576 Deum.

234 609 310 652 14.
347 603 521 667 Neque
555 604 649 652 sibi
691 603 809 652 dare
844 602 1030 666 aliquid
1071 602 1335 666 quisquam
1375 609 1561 664 potest,
1579 605 1774 685 ξέἰῖἶξῗίή

158 679 277 742 quia
293 680 398 743 jam
422 680 602 728 habere
627 679 921 744 supponitur
941 679 1073 742 quod
1096 678 1215 727 dare
1248 677 1340 726 sibi
1363 684 1531 740 potest
1548 698 1559 732 ;
1578 692 1648 719 tatis
1660 701 1720 720 non
1734 692 1832 720 teneri.

157 770 320 819 neque
338 755 431 803 sibi
448 755 683 819 obligari:
727 772 842 803 nam
866 771 978 803 cum
1000 754 1132 802 idem
1155 762 1282 802 esset
1305 752 1564 818 obligatus

157 837 210 879 et
243 831 494 896 obligam,
525 832 748 895 obligans
772 839 937 880 autem
966 831 1238 895 obligatum
1260 830 1418 894 possit
1442 829 1563 878 libe-

157 921 285 962 rare,
317 906 500 955 frustra
524 916 652 955 esset
685 907 777 955 sibi
806 907 1029 970 obligari,
1055 907 1169 970 quia
1192 907 1402 954 liberare
1438 906 1562 969 seip-

157 997 268 1031 sum
291 989 457 1046 potest
493 983 738 1031 arbitratu
758 999 877 1038 suo3
915 991 966 1030 et
1004 984 1088 1046 qui
1127 983 1224 1030 hoc
1257 988 1437 1045 potest,
1457 982 1561 1044 jam

135 1064 275 1106 actu
310 1058 434 1106 liber
459 1066 550 1106 est.
620 1059 695 1106 Ex
735 1075 832 1121 quo
858 1065 1069 1117 constat,
1096 1057 1295 1123 legibus
1324 1057 1560 1105 civilibus

156 1150 259 1183 non
306 1135 463 1184 teneri
512 1135 670 1199 ipsam
719 1135 999 1183 civitatem:
1049 1151 1166 1182 nam
1214 1135 1348 1198 leges
1391 1134 1559 1183 civiles

131 1217 272 1258 sunt
315 1211 447 1275 leges
488 1211 731 1268 civitatis;
782 1212 958 1275 quibus
1001 1212 1042 1259 si
1089 1211 1408 1274 obligaretur,
1452 1211 1559 1274 ipsa

154 1287 458 1350 obligaretur
475 1287 583 1335 sibi.
621 1287 796 1351 Neque
816 1287 1024 1351 obligari
1044 1294 1213 1351 potest
1238 1287 1411 1335 civitas
1427 1287 1522 1335 civi
1544 1306 1555 1334 :

155 1363 388 1426 quoniam
413 1363 544 1411 enim
568 1363 647 1411 hic
679 1363 829 1423 illam,
866 1364 907 1412 si
931 1364 1155 1423 voluerit,
1180 1371 1345 1427 potest
1370 1364 1556 1427 obliga-

127 1430 130 1432 *
153 1438 288 1488 tione
309 1439 534 1499 liberare,
559 1446 609 1487 et
638 1440 759 1499 vult,
785 1440 978 1503 quoties
1001 1440 1107 1503 ipsa
1129 1440 1247 1498 vult,
1277 1440 1414 1503 (quia
1436 1440 1556 1488 civis

156 1516 393 1579 cujusque
427 1515 655 1564 voluntas
692 1516 745 1564 in
786 1516 1011 1564 omnibus
1050 1518 1196 1564 rebus
1233 1516 1556 1579 comprehen-

154 1590 291 1639 ditur
306 1592 359 1640 in
372 1591 627 1640 voluntate
643 1593 899 1653 civitatis),
910 1593 1065 1640 libera
1080 1599 1154 1640 est
1170 1592 1340 1640 civitas
1358 1592 1555 1656 quando

153 1667 276 1726 vult,
297 1668 393 1716 hoc
417 1674 506 1727 est,
538 1676 655 1716 actu
673 1669 776 1732 jam
799 1668 955 1716 libera
978 1676 1067 1716 est.
1143 1667 1360 1715 Conciliz'
1390 1675 1555 1716 autem

154 1743 260 1792 sive
296 1743 523 1803 hmm'm's2
549 1743 629 1791 cui
656 1761 888 1792 summum
937 1744 1199 1810 imperium
1241 1744 1555 1792 commissum

155 1826 247 1879 est,
278 1819 507 1868 voluntas
545 1828 622 1868 est
658 1821 886 1869 voluntas
927 1821 1171 1876 civitatis;
1211 1820 1555 1883 complectitur

152 1912 272 1960 ergo
307 1896 587 1944 voluntates
624 1897 930 1960 singulorum
968 1897 1176 1944 civium:
1214 1912 1373 1959 neque
1401 1896 1554 1959 igitur

126 2018 131 2021 t
151 1979 351 2021 tenetur
373 1971 430 2031 is,
465 1972 545 2020 cui
567 1988 801 2020 summum
834 1972 1095 2037 imperium
1120 1972 1435 2020 commissum
1460 1979 1550 2031 est,

152 2047 352 2113 legibus
367 2047 614 2107 civilibus,
634 2049 729 2096 hoc
744 2049 875 2096 enim
898 2058 973 2097 est
997 2048 1204 2112 obligari
1229 2047 1320 2096 sibi
1341 2069 1353 2103 ;
1391 2063 1552 2111 neque

150 2123 383 2188 cuiquam
409 2123 604 2171 civium.

242 2206 317 2248 15.
356 2199 604 2250 Quoniam
641 2207 820 2258 autem,
867 2208 924 2249 ut
966 2216 1114 2263 supra
1163 2207 1416 2248 ostensum
1459 2209 1550 2260 est,
1570 2218 1812 2256 Neminipropr2

1570 2271 1621 2290 um
1640 2271 1703 2290 esse
1718 2264 1799 2300 quic-

33 2268 51 2302 ?
125 2282 268 2334 ,ante
306 2275 710 2324 constitutionem
743 2276 955 2325 civitatis
980 2276 1146 2324 omnia
1186 2276 1397 2324 omnium
1421 2283 1550 2336 sunt,
1569 2315 1658 2342 quam
1680 2310 1783 2334 comm

145 2367 312 2417 *neque
335 2359 411 2401 est
435 2352 568 2416 quod
592 2352 700 2415 quis
724 2353 796 2400 ita
827 2370 964 2401 suum
989 2368 1094 2400 esse
1118 2352 1266 2410 dicat,
1291 2352 1426 2416 quod
1448 2368 1550 2400 non
1566 2348 1800 2422 fflmguffiffl

149 2428 272 2478 alius
295 2428 502 2492 quilibet
530 2428 661 2476 idem
697 2429 870 2477 eodem
899 2431 1010 2492 jure
1046 2428 1277 2477 vendicet
1299 2445 1390 2492 pro
1425 2445 1514 2476 suo
1530 2447 1550 2484 ,·
1566 2436 1730 2475 imperium·

125 2505 235 2554 ‘ubi
261 2504 396 2567 venim
443 2505 609 2553 omnia
655 2505 927 2553 communia
975 2510 1104 2563 sunt,
1155 2504 1278 2552 nihil
1319 2504 1550 2568 cuiquam

122 2574 127 2636 s
139 2580 416 2647 proprium
439 2596 545 2628 esse
569 2586 760 2644 potest3
799 2580 1019 2644 sequitur
1046 2580 1426 2644 proprietatem
1457 2579 1550 2627 ini-

149 2655 274 2706 tium
297 2655 528 2704 sumsisse
543 2652 566 2675 ⁴*
598 2672 711 2704 cum
736 2656 852 2720 ipsis
871 2655 1169 2714 civitatibus,
1195 2662 1344 2719 atque
1369 2671 1474 2704 esse
1497 2655 1549 2704 id

123 2825 126 2829 .
201 2792 227 2817 ὓ
241 2790 515 2843 Proprietatem
530 2790 685 2828 initium
705 2790 877 2828 sumsisse
896 2803 979 2827 cum
992 2789 1226 2835 civitatibus,
1248 2790 1334 2840 ξος]
1368 2790 1484 2832 Quod
1498 2791 1548 2829 ab

147 2851 339 2903 aliquibus
353 2851 548 2903 objectum
568 2858 636 2897 est,
665 2853 854 2890 bonorum
874 2853 1149 2902 proprietatem
1169 2852 1285 2889 etiam
1300 2856 1390 2890 ante
1409 2853 1548 2891 consti-

148 2917 250 2952 tutas
267 2914 440 2953 civitates
460 2915 498 2952 in
518 2915 692 2964 patribus
708 2914 937 2952 familiarum
953 2914 1153 2960 exstitisse,
1174 2914 1225 2960 id,
1239 2914 1424 2965 quoniam
1439 2914 1549 2952 fami-

1335 2984 1369 3021 Q
1395 2983 1413 3013 2
