2020 3262
500 214 598 259 384
1066 231 1310 265 RELIGlO.

235 354 364 389 SEczr.
386 358 455 390 111,
500 335 634 384 Quas
649 336 799 400 igitur
820 338 952 402 leges
977 340 1272 400 CHRISTUS,
1293 358 1391 389 non
1414 341 1515 404 ipse
1540 340 1727 395 sanxit;
1762 354 1877 388 nam

322 408 374 439 ¹⁷·
498 413 839 461 auctoritatem
875 415 1210 478 legislativam‚
1234 425 1290 464 ut
1322 433 1469 479 supra
1503 416 1707 464 articulo
1740 422 1876 475 sexto

214 501 469 552 Legesacprzsto
497 494 746 536 ostensum
771 498 860 549 est,
887 506 1129 538 assumere
1154 492 1245 539 sibi
1274 493 1458 546 noluit3
1495 492 1580 539 sed
1601 507 1691 554 pro
1714 497 1878 554 pater-2

212 545 469 624 ζῖἒξῖῑῖἶξξῖξὶὶ,
494 561 570 609 nis
593 565 874 626 proposuit3
910 566 962 613 id
984 582 1115 613 nuno
1133 567 1448 629 inquiramus.
1519 567 1768 614 Habemus
1790 581 1877 616 au-v

213 631 478 702 ssgffiosoefflmffl·
494 644 594 684 tem
618 638 780 686 locum
808 640 1074 703 Scripturae
1098 642 1294 700 (Matth.
1315 641 1430 689 xxii.
1449 644 1616 702 37-40)
1633 641 1718 688 ubi
1736 640 1877 705 leges

492 710 593 759 Dei
614 729 768 776 usque
792 714 854 762 ad
877 715 928 762 id
955 722 1146 778 tempus
1175 716 1398 773 traditas,
1425 732 1594 764 omnes
1615 715 1877 763 contrahit

493 787 545 835 in
582 796 829 852 praecepta
870 790 995 837 duo:
1032 790 1239 855 Diliges
1267 790 1526 838 Dominum
1556 790 1714 838 Deum
1745 796 1877 837 tuum

495 861 546 909 in
571 869 671 910 toto
697 865 848 911 corde
871 872 968 924 tu0,
994 872 1044 912 et
1076 866 1126 912 in
1152 872 1258 913 tota
1283 867 1447 913 anima
1472 873 1559 913 tua
1595 872 1645 913 et
1681 865 1732 912 in
1768 871 1876 913 tota

494 944 652 985 mente
675 944 761 985 tua
781 956 795 985 .·
831 939 922 986 lzoe
957 947 1033 987 est
1063 940 1321 988 maximum
1358 948 1408 988 et
1431 941 1650 1005 primum
1673 940 1876 991 manda-

493 1019 605 1060 tum.
676 1013 949 1062 Secundum
973 1022 1134 1063 autem
1169 1016 1332 1063 simile
1365 1023 1441 1063 est
1479 1017 1628 1064 huie:
1668 1015 1876 1080 Diliges

481 1088 765 1152 proximum
811 1096 941 1137 tuum
986 1090 1115 1138 sieut
1162 1091 1387 1155 teipsum.
1458 1091 1520 1139 In
1565 1091 1643 1139 liis
1690 1090 1875 1139 duobus

491 1164 742 1212 mandatis
766 1165 997 1212 universa
1021 1166 1103 1213 lex
1117 1166 1324 1230 pendet,
1350 1173 1399 1214 et
1419 1167 1700 1231 proplietce.
1770 1166 1875 1214 Ho-

491 1254 601 1286 rum
638 1240 833 1302 quidem
874 1240 1085 1303 primum
1128 1241 1296 1288 datum
1327 1249 1442 1289 ante
1477 1249 1550 1289 est
1582 1258 1670 1304 per
1700 1242 1875 1289 Mosen

491 1313 654 1374 (Deut.
692 1315 756 1361 vi.
798 1317 845 1375 5)
881 1315 1086 1362 totidem
1125 1317 1300 1364 verbis.
1386 1317 1664 1365 Secundum
1709 1324 1874 1365 autem

493 1389 641 1436 etiam
664 1396 777 1436 ante
802 1390 1006 1437 Mosen:
1049 1397 1123 1438 est
1155 1392 1284 1439 enim
1306 1392 1386 1439 lex
1408 1392 1656 1451 naturalis,
1680 1392 1873 1440 initium

491 1463 674 1511 habens
720 1480 832 1511 cum
876 1463 982 1527 ipsa
1025 1472 1202 1512 natura
1244 1467 1487 1514 rationali.
1577 1468 1664 1515 Est
1709 1474 1873 1515 autem

491 1546 752 1602 utrumque
772 1539 915 1587 simul
939 1540 1156 1587 omnium
1170 1541 1333 1603 legum
1351 1557 1550 1590 summa.
1608 1543 1737 1590 Nam
1756 1559 1872 1591 eon-

492 1614 711 1661 tinentur
734 1630 901 1661 omnes
935 1614 1068 1677 leges
1102 1616 1259 1663 cultus
1285 1616 1434 1663 divini
1456 1618 1690 1665 naturalis
1713 1619 1765 1666 in
1796 1618 1872 1666 his

493 1689 668 1747 verbis,
689 1688 876 1753 diliges
893 1689 1052 1736 Deum
1066 1708 1084 1744 ;
1121 1698 1171 1737 et
1190 1707 1355 1738 omnes
1377 1692 1508 1754 leges
1527 1692 1685 1740 cultus
1705 1693 1870 1752 divini,

494 1780 554 1811 ex
567 1771 727 1828 paeto
751 1765 909 1812 veteri
933 1765 1098 1824 debiti,
1133 1766 1184 1813 in
1208 1783 1264 1814 eo
1290 1767 1421 1830 quod
1457 1767 1649 1827 dicitur,
1686 1769 1872 1834 diliges

491 1839 650 1886 Deum
675 1846 819 1898 tuum,
843 1840 936 1887 hoe
963 1849 1054 1899 rest,
1090 1841 1249 1888 Deum
1274 1850 1510 1905 quatenus
1533 1859 1703 1908 regem
1725 1860 1872 1907 pecu-

490 1914 677 1961 liariter
707 1915 972 1963 Abrahami
1008 1924 1057 1963 et
1093 1917 1286 1964 seminis
1312 1919 1413 1980 ejus
1431 1939 1452 1973 ;-
1479 1925 1528 1966 et
1550 1935 1716 1967 omnes
1739 1920 1871 1983 leges

490 1990 737 2037 naturales
769 1999 819 2037 et
854 1991 1016 2039 civiles
1062 1992 1137 2039 his
1173 1994 1347 2052 verbis,
1377 1994 1564 2058 diliges
1591 1995 1872 2058 proximum

491 2070 622 2111 tuum
666 2066 796 2112 sieut
836 2067 1061 2130 teipsum.
1133 2068 1261 2115 Nam
1308 2069 1390 2131 qui
1427 2070 1585 2133 diligit
1625 2071 1783 2118 Deum
1823 2078 1871 2119 et

489 2140 780 2202 proximum,
816 2142 1027 2189 animum
1065 2144 1212 2191 habet
1243 2144 1500 2192 obediendi
1532 2151 1580 2192 et
1612 2145 1784 2193 divinis
1821 2154 1871 2193 et

490 2216 714 2263 humanis
750 2217 954 2279 legibus.
1024 2218 1245 2281 Amplius
1280 2227 1443 2266 autem
1480 2236 1624 2282 quam
1656 2220 1870 2268 animum

492 2291 766 2346 obediendi,
796 2292 926 2338 Deus
958 2292 1078 2339 nihil
1103 2293 1269 2356 exigit.
1340 2295 1590 2341 Habemus
1622 2294 1768 2342 alium
1799 2295 1869 2342 lo-

492 2383 618 2425 cum,
653 2367 738 2413 ubi
779 2367 1057 2415 CHRISTUS
1102 2367 1241 2432 leges
1283 2369 1664 2433 interpretatur,
1694 2385 1869 2433 nempe

493 2442 734 2505 quintum,
761 2449 965 2501 sextum,
991 2450 1039 2490 et
1065 2444 1324 2506 septimum
1359 2444 1515 2491 Sancti
1546 2444 1766 2491 Matthaei
1789 2461 1868 2491 ca-

490 2517 595 2579 pita
625 2517 830 2580 integra.
900 2518 984 2565 Eae
1007 2535 1122 2566 vero
1154 2519 1285 2581 leges
1318 2535 1483 2567 omnes
1513 2519 1766 2577 habentur,
1793 2520 1869 2567 vel

490 2592 541 2639 in
561 2592 841 2655 Deealogo,
857 2593 934 2639 vel
957 2593 1007 2640 in
1033 2593 1146 2656 lege
1170 2594 1365 2651 morali,
1382 2594 1458 2641 vel
1483 2593 1794 2641 continentur
1817 2594 1867 2641 in

473 2667 588 2728 fide
608 2667 654 2714 A
662 2667 889 2714 brahami
903 2687 920 2715 .·
944 2676 1001 2716 ut
1019 2669 1298 2716 continetur
1314 2669 1481 2730 infide
1495 2669 1540 2715 A
1548 2668 1772 2715 brahami
1786 2669 1868 2717 illa

491 2742 550 2788 de
574 2759 673 2790 non
697 2743 999 2805 repudianda
1033 2760 1200 2791 uxore.
1270 2743 1398 2791 Illud
1427 2743 1569 2800 enim,
1593 2750 1739 2790 erunt
1770 2744 1866 2790 cluo

492 2817 541 2863 in
581 2835 732 2865 carne
769 2835 880 2877 una,
914 2835 1071 2882 neque
1108 2836 1137 2867 a
1175 2820 1416 2866 CHRISTo
1449 2817 1619 2880 primo,
1651 2834 1810 2881 neque
1838 2835 1868 2867 a
