2020 3262
361 248 432 282 DE
461 246 650 281 REGNo
678 245 775 280 nm
803 245 909 279 PER
935 244 1159 279 PACTUM
1186 244 1382 278 VETUS.
1477 234 1572 277 365

179 364 290 418 ίαιε,
305 365 362 407 ut
376 359 558 407 audiat
573 374 680 406 eum
693 356 848 405 omnis
863 372 1133 420 synagoga
1141 355 1371 418 filiorum
1388 356 1576 404 Israel.
1615 377 1745 411 ssscrn
1765 377 1834 410 111,

177 433 283 482 Pro
307 436 415 493 hoe,
439 435 486 482 si
509 435 636 499 quid
668 433 917 499 agendum
955 438 1047 490 est,
1081 431 1311 479 Eleazar
1334 433 1577 480 sacerdos
1696 429 1746 460 ¹⁶·
1817 473 1821 484 ‚

179 511 404 560 consulet
446 511 705 558 dominum.
773 508 865 556 Ad
900 508 1107 569 verbum
1137 508 1245 569 ejus
1281 508 1577 571 egredietur

179 593 231 636 et
268 588 590 653 ingredietur
616 587 742 651 ipse,
778 591 829 633 et
853 600 1017 632 omnes
1038 583 1151 647 filii
1174 582 1350 630 Israel
1371 600 1478 630 eum
1503 599 1576 631 eo.

179 663 280 711 Ubi
320 662 578 711 consulere
611 662 787 720 Deum,
813 660 1057 725 quicquid
1090 659 1340 725 agendum
1375 658 1459 716 sit,
1483 658 1578 706 hoc

179 745 270 797 est,
301 737 500 786 verbum
540 736 644 785 Dei
681 735 1033 801 interpretari,
1076 742 1126 782 et
1161 734 1214 782 in
1247 733 1448 782 nomine
1486 733 1579 780 Dei

178 814 420 878 imperare
434 814 486 861 in
502 813 744 871 omnibus,
759 812 975 876 pertinet
989 811 1053 859 ad
1066 811 1376 865 Eleazarum3
1397 809 1580 874 egredi

179 896 344 938 autem
368 896 418 937 et
444 888 650 954 ingredi
674 888 748 936 ad
767 887 968 935 verbum
1000 888 1124 950 ejus,
1146 887 1240 934 hoo
1276 894 1366 945 est,
1392 885 1438 933 ei
1461 885 1579 933 obe-

181 966 302 1025 dire,
325 965 543 1030 pertinet
582 964 646 1012 ad
686 965 889 1012 Josuam
925 970 975 1011 et
1010 963 1073 1010 ad
1097 979 1283 1010 omnem
1314 961 1578 1026 populum.

180 1042 470 1090 Notandum
489 1057 684 1105 quoque
709 1047 798 1099 est,
817 1056 990 1087 vocem
1005 1039 1155 1098 illam,
1167 1045 1377 1103 partem
1391 1037 1580 1103 glorioe

179 1134 296 1176 auce,
321 1124 490 1182 aperte
516 1117 791 1180 significare
815 1133 916 1164 non
940 1115 1167 1164 habuisse
1190 1116 1218 1163 J
1223 1131 1393 1163 osuam
1415 1120 1581 1178 potes-

179 1200 336 1242 tatem
357 1193 598 1256 aequalem
623 1192 683 1251 ei,
701 1208 848 1255 quam
872 1192 1114 1239 habuerat
1138 1191 1321 1239 Moses.
1358 1190 1580 1248 Interim,

179 1269 495 1317 manifestum
541 1274 616 1316 est
646 1268 795 1316 etiam
831 1275 1055 1331 tempore
1092 1269 1257 1316 Josuae
1288 1273 1583 1330 potestatem

181 1361 423 1395 summam
470 1344 678 1403 civilem,
727 1351 777 1391 et
823 1344 1171 1391 auctoritatem
1215 1342 1582 1406 interpretandi

179 1422 386 1470 verbum
409 1420 520 1480 Dei,
537 1420 691 1468 fuisse
711 1421 881 1468 ambas
906 1420 958 1467 in
982 1419 1155 1468 eadem
1173 1435 1401 1484 persona.

255 1504 332 1546 15.
368 1497 488 1545 Post
521 1503 733 1544 mortem
755 1497 784 1544 J
788 1513 920 1544 osuae
952 1503 1225 1559 sequuntur
1248 1503 1474 1558 tempora
1495 1495 1524 1542 J
1527 1511 1584 1542 u—
1601 1496 1730 1546 ,Easdem
1744 1505 1810 1524 0⁰¹¹·

1596 1543 1718 1577 junctas
1732 1539 1821 1567 fuisse

183 1572 351 1622 dicum
373 1589 529 1636 usque
565 1572 630 1620 ad
655 1572 851 1619 Saulem
888 1588 1086 1635 regem3
1122 1571 1176 1619 in
1214 1571 1390 1635 quibus
1427 1570 1584 1618 mani·
1600 1584 1632 1611 in
1646 1592 1761 1611 summo
1778 1590 1871 1610 sacer-

182 1650 366 1698 festum
392 1657 468 1697 est
494 1650 575 1712 jus
599 1649 743 1712 regni
775 1665 806 1696 a
828 1648 936 1696 Deo
961 1647 1177 1696 instituti
1200 1647 1438 1695 mansisse
1455 1646 1588 1710 apud
1602 1626 1838 1707 ἓξῗίέξῖἕξεζᾞί,

182 1725 514 1773 sacerdotem.
584 1725 706 1772 Erat
742 1724 873 1772 enim
896 1740 1106 1789 regnum
1147 1739 1208 1771 ex
1244 1730 1390 1787 pacto
1414 1738 1586 1771 saeer-

185 1801 374 1861 dotale,
398 1801 450 1849 id
475 1807 563 1860 est,
599 1817 808 1864 regnum
832 1801 925 1848 Dei
948 1817 1038 1865 per
1063 1800 1369 1848 sacerdotem
1390 1819 1400 1848 :
1438 1807 1587 1863 atque

183 1877 283 1925 tale
320 1893 428 1925 esse
468 1876 653 1936 debuit,
677 1893 834 1940 usque
876 1877 994 1924 dum
1029 1877 1189 1925 forma
1224 1877 1309 1925 illa
1339 1893 1370 1924 a
1400 1876 1586 1940 populo

183 1953 309 2017 ipso,
347 1953 688 2001 consentiente
731 1953 852 2012 Deo,
878 1961 1186 2001 mutaretur:
1222 1952 1276 2000 id
1312 1953 1447 2017 quod
1485 1969 1588 2001 non

185 2035 262 2076 est
296 2029 481 2077 factum
525 2037 792 2092 antequam
837 2029 1122 2093 petentibus
1173 2045 1343 2093 regem
1377 2045 1586 2077 consen-

186 2105 330 2154 sisset
362 2106 511 2162 Deus,
544 2105 845 2170 dixissetque
882 2106 1099 2154 Samueli
1127 2105 1174 2167 (1
1206 2106 1338 2154 Sam.
1370 2105 1472 2154 viii.
1499 2107 1529 2160 7
1534 2105 1586 2167 ):

185 2181 327 2230 Audi
354 2181 600 2246 populum
638 2181 689 2228 in
721 2180 957 2240 omnibus,
991 2199 1102 2247 quae
1144 2181 1414 2246 loquuntur
1456 2180 1589 2228 tibi.-

185 2274 282 2306 non
306 2257 434 2305 enim
471 2264 536 2316 te,
560 2258 656 2306 sed
681 2275 756 2305 me
779 2257 1086 2320 abjecerunt,
1112 2275 1173 2305 ne
1196 2274 1402 2323 regnem
1433 2272 1592 2322 Super

187 2350 287 2382 eos.
324 2334 546 2382 Potestas
570 2334 737 2398 itaque
762 2334 916 2382 civilis
947 2351 1138 2382 summa
1165 2333 1438 2382 debebatur
1449 2333 1591 2395 jure,

187 2426 248 2458 ex
271 2410 584 2458 institutione
609 2410 717 2469 Dei,
737 2409 982 2458 sacerdoti
997 2426 1205 2458 summo.
1241 2409 1401 2457 Facto
1426 2416 1592 2457 autem

186 2494 408 2550 potestas
433 2486 517 2533 illa
549 2486 601 2533 in
623 2486 878 2549 prophetis
899 2492 1019 2545 erat,
1038 2487 1231 2549 quibus,
1251 2502 1281 2533 a
1298 2486 1404 2534 Deo
1430 2493 1593 2533 extra—

188 2562 437 2611 ordinarie
485 2562 748 2621 suscitatis‚
791 2562 1042 2622 Israelstae,
1085 2578 1206 2626 gens
1237 2563 1594 2626 prophetarum

190 2638 349 2698 avida,
373 2645 578 2703 propter
596 2638 1008 2686 existimationem
1031 2639 1306 2702 prophetiae
1328 2645 1596 2702 protegen-

190 2713 278 2762 dos
301 2731 352 2763 se
377 2722 428 2762 et
454 2714 748 2778 judicandos
781 2715 1111 2778 subjecerunt.
1183 2715 1328 2764 Ratio
1351 2715 1500 2778 hujus
1522 2715 1594 2763 rei

191 2799 313 2850 erat,
338 2791 473 2854 quod
502 2790 813 2838 institutione
843 2791 985 2854 regni
1009 2791 1103 2839 Dei
1139 2791 1475 2850 sacerdotalis,
1501 2791 1594 2840 etsi

190 2882 350 2929 poenae
367 2873 567 2916 statutae
586 2866 772 2916 fuerint
788 2874 839 2916 et
853 2866 1172 2930 magistratus
1188 2868 1272 2932 qui
1295 2867 1591 2931 judicarent,
