2020 3262
507 271 578 305 DE
605 270 845 305 OFFICIIS
872 270 1293 305 IMPERANTIUM.
1500 263 1596 307 303

199 371 382 429 *animis
426 381 680 430 hominum
719 381 1031 436 inseruntur;
1079 381 1228 445 leges,
1270 382 1443 445 quibus
1482 383 1598 431 huic
1638 404 1768 437 sncr,
1785 404 1853 437 111.

206 455 336 505 malo
360 457 656 506 obviandum
679 463 767 517 est,
792 473 892 505 non
928 457 981 504 in
1014 463 1247 516 errantes,
1284 457 1372 505 sed
1395 458 1446 505 in
1468 458 1600 521 ipsos
1727 456 1775 486 ¹³·
1836 501 1843 510 ,

206 547 396 581 errores
419 533 772 582 constituendae
796 539 924 581 sunt.
993 532 1197 580 Errores
1220 531 1307 590 illi,
1332 548 1453 595 quos
1475 549 1600 595 prae-

207 607 413 656 cedente
437 608 597 672 capite
620 625 732 657 cum
764 607 927 672 quiete
967 607 1177 656 civitatis
1210 607 1478 656 consistere
1501 624 1602 657 non

205 699 349 747 posse
372 683 735 743 affirmavimuS,
759 684 811 732 in
845 684 1033 732 animos
1073 683 1268 732 rudium
1301 683 1603 746 irrepserunt

204 759 386 823 partim
408 776 435 808 e
460 761 862 809 concionatorum
881 759 1142 819 cathedris,
1160 759 1340 823 partim
1364 775 1395 807 a
1418 774 1602 807 sermo-

204 835 350 883 nibus
385 835 680 899 quotidianis
715 836 970 884 hominum
1010 843 1211 900 propter
1247 835 1319 884 rei
1350 835 1603 884 familiaris

204 911 458 960 laxitatem
482 912 654 961 studiis
676 912 984 968 vacantium3
1023 920 1073 960 et
1095 912 1147 960 in
1165 912 1353 960 animos
1376 911 1554 960 horum
1574 928 1604 959 a

206 985 489 1036 doctoribus
519 987 861 1037 adolescentiae
885 1004 985 1036 suae
1008 989 1059 1036 in
1089 988 1349 1036 academiis
1378 988 1603 1052 publicis.

207 1062 375 1112 Quare
407 1064 556 1112 etiam
577 1064 683 1112 vice
714 1079 868 1123 versa,
908 1063 949 1112 si
988 1064 1096 1127 quis
1128 1079 1297 1112 sanam
1329 1063 1604 1112 doctrinam

206 1138 520 1188 introducere
543 1139 768 1198 voluerit,
805 1139 1139 1202 incipiendum
1163 1139 1208 1187 ei
1246 1146 1320 1187 est
1344 1139 1406 1188 ab
1430 1139 1604 1188 acade-

206 1214 333 1263 miis.
364 1215 476 1263 Illic
498 1214 817 1263 fundamenta
839 1214 1075 1262 doctrinae
1099 1206 1254 1262 civilis
1276 1231 1394 1263 vera
1417 1223 1467 1264 et
1490 1232 1604 1264 vere

206 1290 543 1339 demonstrata
574 1289 802 1354 jacienda
825 1298 954 1350 sunt,
994 1290 1168 1354 quibus
1204 1291 1381 1339 imbuti
1414 1291 1605 1340 adoles-

206 1372 389 1425 centeS,
412 1365 607 1429 plebem
628 1372 800 1429 postea
821 1366 1051 1431 privatim
1074 1373 1123 1415 et
1145 1367 1340 1431 publice
1362 1367 1604 1416 instruere

203 1441 410 1507 possint.
479 1441 538 1490 Id
569 1449 735 1490 autem
770 1450 910 1492 tanto
951 1443 1159 1491 alacrius
1184 1450 1234 1491 et
1256 1444 1507 1507 potentius
1531 1443 1605 1492 fa-

207 1517 356 1577 cient,
377 1525 562 1582 quanto
585 1519 678 1582 ipsi
702 1519 763 1566 de
781 1519 990 1567 veritate
1014 1535 1199 1578 eorum,
1225 1535 1334 1582 quae
1358 1519 1538 1568 docent
1555 1526 1605 1567 et

194 1594 492 1658 fpraedicant,
532 1594 765 1643 certiores
797 1603 955 1643 erunt.
1029 1595 1283 1659 Siquidem
1320 1595 1450 1643 enim
1489 1610 1605 1659 pro-

205 1670 471 1735 positiones
506 1678 711 1734 propter
734 1670 1137 1719 consuetudinem
1161 1670 1408 1730 audiendi,
1433 1687 1603 1735 quam-

208 1762 357 1811 quam
387 1745 537 1805 falsae,
561 1761 653 1794 nec
689 1746 845 1809 magis
882 1746 1212 1810 intelligibiles
1248 1763 1394 1810 quam
1432 1746 1473 1795 si
1497 1747 1605 1811 quis

207 1821 448 1871 vocabula
487 1828 618 1870 sorte
651 1837 712 1869 ex
742 1837 869 1870 urna
908 1829 1130 1870 extracta
1169 1823 1434 1886 copularet,
1458 1823 1604 1871 hodie

207 1904 422 1962 receptae
456 1903 585 1956 sunt,
622 1905 807 1961 quanto
847 1898 1002 1962 magis
1038 1898 1330 1948 imbiberent
1364 1899 1604 1959 homineS,

208 1979 413 2038 propter
430 1972 637 2021 eandem
660 1989 872 2032 causam,
890 1973 1140 2022 doctrinas
1154 1991 1309 2034 veras,
1332 1975 1606 2024 intellectui

209 2063 299 2097 suo
323 2055 374 2096 et
395 2064 561 2096 rerum
578 2060 767 2097 naturae
786 2048 1093 2097 conformes?
1129 2050 1289 2098 Officii
1307 2051 1460 2114 igitur
1478 2068 1606 2100 sum-

209 2138 402 2172 morum
435 2123 781 2187 imperantium
819 2140 924 2173 esse
955 2125 1182 2186 arbitror,
1213 2127 1454 2176 elementa
1488 2144 1606 2177 vera

210 2200 449 2250 doctrinae
472 2200 625 2249 civilis
661 2201 902 2249 conscribi
935 2201 1113 2261 facere,
1139 2209 1188 2250 et
1211 2203 1451 2267 imperare
1474 2211 1530 2252 ut
1552 2204 1604 2252 in

209 2277 435 2326 omnibus
453 2277 665 2325 civitatis
685 2277 944 2325 academiis
969 2278 1253 2327 doceantur.

282 2358 358 2402 10.
395 2353 622 2401 Secundo
645 2354 770 2413 loco,
795 2353 1054 2418 disponere
1078 2355 1206 2403 cives
1230 2355 1293 2403 ad
1317 2355 1605 2403 seditionem
1623 2370 1867 2421 onem-pumica-

164 2490 170 2495 ᾗ
211 2429 514 2478 ostendimus
531 2430 871 2493 aegritudinem
895 2430 1045 2478 animi
1069 2431 1130 2479 ab
1156 2437 1386 2496 egestate
1404 2450 1423 2487 ;
1460 2448 1605 2495 quam
1622 2415 1889 2496 {fssfflftssssffsctssss

212 2505 410 2568 quidem
427 2513 712 2569 egestatem,
732 2506 847 2554 licet
861 2522 890 2554 a
903 2506 1096 2555 luxuria
1109 2508 1186 2555 vel
1201 2508 1396 2571 ignavia
1409 2508 1607 2572 propria
1623 2503 1775 2574 {Z‘Jffissf‘
1791 2511 1855 2530 ⁰⁰¹¹·

210 2581 499 2644 profectam,
515 2582 761 2646 imputant
774 2590 939 2630 tamen
953 2583 1028 2641 iis,
1045 2583 1127 2646 qui
1144 2591 1322 2647 regunt
1340 2584 1604 2644 civitatem,

213 2663 448 2722 tanquam
470 2659 785 2722 pensionibus
814 2658 1020 2722 publicis
1045 2659 1267 2707 exhausti
1298 2666 1347 2707 et
1370 2660 1604 2724 oppressi.

213 2732 341 2782 Fieri
376 2740 541 2782 tamen
579 2741 742 2798 potest
779 2734 1042 2798 aliquando
1078 2743 1135 2783 ut
1175 2736 1479 2799 querimonia
1522 2737 1607 2785 illa

209 2808 342 2871 justa
380 2810 458 2870 sit,
483 2811 712 2859 nimirum
737 2827 849 2859 eum
873 2826 1023 2860 onera
1046 2811 1254 2861 civitatis
1278 2812 1464 2862 civibus
1487 2813 1605 2862 inae-
