1994 3276
433 271 531 317 420
997 286 1242 319 RELIGIO.

175 414 304 448 sssc'r.
325 415 409 448 111,·
433 408 542 456 spes
564 400 640 441 est
661 393 954 455 inveniendi,
973 404 1201 460 putamus
1221 412 1327 444 eam
1351 396 1613 460 aliquando
1631 398 1811 459 veram,

188 510 193 519 ,
262 466 312 497 ¹⁸·
371 510 379 521 ,
432 468 692 531 aliquando
748 470 935 519 falsam.
1024 472 1246 521 Quorum
1302 478 1562 535 utrumque
1612 473 1814 521 seorsim

432 544 636 608 opinari
694 545 888 605 dicitur,
953 554 1099 610 atque
1158 548 1305 595 etiam
1367 548 1573 595 credere
1596 566 1616 603 ;
1670 548 1813 596 ambo

432 618 590 679 simul,
632 619 882 669 dubitare.
951 623 1160 671 Quando
1201 639 1317 670 vero
1364 623 1577 671 rationes
1613 629 1811 682 nostrae,

430 702 633 758 propter
656 712 774 759 quas
798 698 1087 745 assentimur
1105 699 1427 762 propositioni
1451 699 1610 758 alicui,
1626 715 1727 747 non
1749 698 1813 746 ab

432 770 548 834 ipsa
564 772 931 835 propositione,
951 773 1035 820 sed
1053 790 1085 819 a
1096 790 1316 837 persona
1334 774 1666 837 proponentis
1685 773 1811 822 deri-

431 851 624 905 vantur,
642 853 699 894 ut
723 863 867 910 quem
889 848 958 895 ita
980 848 1193 911 peritum
1212 849 1502 912 judicamus,
1526 856 1583 897 ut
1605 865 1705 897 non
1727 849 1815 897 fal-

432 921 577 980 latur,
615 938 772 985 neque
805 940 1002 971 causam
1031 924 1250 972 videmus
1288 940 1436 987 quare
1469 925 1586 972 velit
1616 924 1813 979 fallere;

433 1013 656 1045 assensus
690 1005 872 1057 noster,
911 999 1025 1062 quia
1054 1000 1271 1047 nascitur
1300 1017 1401 1047 non
1435 1016 1465 1047 a
1496 1006 1692 1059 nostrae,
1728 999 1816 1048 sed

433 1073 604 1120 alienae
636 1073 851 1121 scientiae
866 1074 1084 1135 fiducia,
1094 1075 1234 1137 fides
1257 1075 1542 1138 appellatur.
1610 1076 1674 1123 Et
1698 1091 1816 1138 quo-

432 1163 543 1195 rum
581 1147 761 1196 fiducia
797 1149 1054 1206 credimus,
1092 1149 1199 1196 illis
1237 1150 1314 1197 vel
1354 1150 1406 1197 in
1448 1149 1565 1197 illos
1607 1150 1816 1198 credere

435 1223 656 1271 dicimur.
725 1224 799 1271 Ex
822 1225 895 1282 iis,
921 1241 1029 1287 quae
1054 1225 1184 1272 dicta
1208 1234 1336 1284 sunt,
1361 1233 1563 1288 apparet
1589 1225 1815 1273 differen-

433 1299 517 1356 tia,
535 1299 761 1360 primum,
779 1299 908 1346 inter
914 1299 1074 1361 fidem
1092 1307 1140 1347 et
1156 1300 1518 1363 professionem
1533 1319 1550 1347 .·
1585 1300 1668 1348 illa
1685 1301 1815 1348 enim

435 1390 547 1421 cum
570 1390 768 1421 assensu
789 1374 981 1421 interno
1010 1390 1199 1437 semper
1234 1376 1561 1438 conjungitur,
1585 1376 1691 1424 haec
1714 1392 1815 1424 non

434 1465 638 1512 semper.
708 1450 799 1497 Illa
834 1450 983 1497 animi
1019 1450 1268 1512 persuasio
1309 1451 1517 1509 interna,
1553 1451 1660 1499 haec
1700 1452 1816 1498 obe-

435 1526 617 1573 dientia
659 1532 860 1573 externa
896 1533 985 1572 est.
1056 1525 1259 1584 Deinde,
1294 1526 1422 1573 inter
1433 1526 1593 1588 fidem
1625 1533 1675 1574 et
1706 1526 1816 1589 opi-

433 1602 624 1648 nionem
642 1620 660 1655 ;
710 1601 816 1648 haec
858 1601 988 1648 eniin
1028 1607 1208 1647 nostrae
1248 1601 1427 1647 rationi
1459 1601 1699 1659 innititur,
1733 1600 1817 1648 illa

433 1677 602 1724 alienae
618 1676 976 1724 existimationi.
1035 1675 1272 1738 Denique,
1288 1676 1416 1723 inter
1416 1676 1575 1737 fidem
1594 1682 1644 1723 et
1661 1675 1816 1723 seien-

435 1752 556 1799 tiam
574 1771 590 1799 .·
625 1752 770 1815 hujus
794 1752 924 1799 enim
951 1758 1024 1798 est
1053 1751 1436 1814 propositionem
1461 1750 1816 1798 examinatione

434 1828 784 1876 comminutam
803 1835 852 1874 et
870 1843 1090 1874 mansam
1116 1827 1248 1874 lente
1266 1826 1522 1874 admittere
1538 1847 1551 1881 ;
1586 1826 1713 1874 illius
1732 1842 1816 1874 au-

431 1910 549 1962 tem,
591 1904 833 1966 integram
875 1902 1130 1965 deglutire.
1208 1901 1411 1949 Prodest
1456 1902 1519 1949 ad
1565 1901 1818 1950 scientiam

435 1978 695 2041 explicatio
729 1978 996 2035 nominum,
1022 1977 1196 2039 quibus
1224 1977 1289 2035 id,
1317 1976 1449 2040 quod
1475 1977 1818 2040 inquirendum

436 2061 525 2111 est,
559 2053 876 2116 proponitur;
912 2053 1010 2099 imo
1045 2052 1191 2099 unica
1223 2052 1303 2099 via
1337 2051 1401 2099 ad
1433 2052 1692 2099 scientiam
1726 2060 1816 2111 est,

425 2146 529 2193 per
553 2129 866 2190 definitiones
881 2146 900 2182 ;
936 2128 998 2175 ad
1005 2127 1165 2189 fidem
1183 2134 1347 2175 autem
1364 2135 1510 2175 nocet
1531 2128 1640 2175 hoc.
1689 2128 1818 2176 Nam

436 2221 545 2268 quae
579 2220 725 2267 supra
753 2210 949 2266 captum
976 2203 1243 2250 humanum
1268 2202 1512 2250 credenda
1536 2219 1817 2266 proponun-

435 2287 531 2339 tur,
557 2295 808 2342 nunquam
844 2279 1164 2341 explicatione
1200 2278 1514 2336 evidentiora,
1539 2278 1624 2326 sed
1647 2285 1817 2326 contra

436 2355 717 2403 obscuriora
741 2362 790 2402 et
814 2354 1003 2402 creditu
1027 2354 1299 2401 difficiliora
1320 2354 1459 2401 fiunt.
1528 2354 1816 2416 Acciditque

434 2430 635 2489 homini,
657 2431 741 2493 qui
759 2429 1000 2492 mysteria
1008 2429 1144 2491 fidei
1167 2429 1356 2476 ratione
1378 2429 1588 2476 naturali
1611 2436 1817 2476 conatur

436 2505 787 2563 demonstrare,
811 2504 941 2552 idem
977 2505 1109 2567 quod
1143 2511 1344 2567 aegroto,
1378 2504 1460 2566 qui
1493 2504 1665 2567 pilulas
1689 2503 1815 2551 salu-

434 2581 562 2639 bres,
607 2581 692 2628 sed
733 2596 938 2636 amaras,
978 2580 1084 2627 vult
1122 2579 1255 2642 prius
1296 2579 1542 2637 mandere,
1583 2594 1728 2641 quam
1763 2578 1815 2626 in

437 2657 738 2704 stomachum
774 2655 1057 2709 demittere3
1095 2670 1155 2701 ex
1179 2670 1274 2716 quo
1306 2655 1378 2713 fit,
1403 2662 1460 2701 ut
1490 2653 1653 2701 statim
1675 2669 1816 2701 revo-

436 2739 644 2790 mantur,
671 2748 779 2794 quae
803 2730 982 2793 alioqui
1006 2730 1250 2777 devoratae
1273 2745 1385 2776 eum
1407 2735 1667 2776 sanassent.

158 2808 288 2842 0⁰1³ssst
305 2807 420 2837 Credere
505 2813 549 2854 5.
584 2807 806 2854 Vidimus
824 2822 956 2869 ergo,
973 2805 1090 2868 quid
1113 2805 1175 2852 sit
1199 2804 1418 2852 credere.
1491 2803 1707 2851 Credere
1729 2820 1815 2852 au-
1852 2813 1854 2817 ‘

156 2853 189 2882 in
202 2852 361 2882 Christum.
1006 2880 1016 2888 ,
1407 2878 1416 2887 ,
1445 2878 1454 2887 ,

437 2889 535 2930 tem
555 2882 607 2928 in
624 2882 918 2929 CHRISTUM
939 2879 1055 2942 quld
1070 2879 1176 2926 est?
1202 2879 1277 2926 vel
1283 2878 1414 2940 fidei
1435 2894 1485 2925 m
1501 2878 1813 2938 CHRISTUM,
