1994 3276
447 253 541 296 404
1005 264 1248 298 RELIGio.

191 395 318 428 sno-12,
338 396 408 430 111,
447 372 665 435 amplius,
706 373 989 436 poenitentia
1028 382 1114 423 est.
1191 374 1352 437 Atque
1390 374 1483 421 hoc
1522 373 1668 421 modo
1701 389 1815 422 vera

277 447 326 477 ¹⁷·
446 447 733 511 poenitentia
755 455 838 496 aut
860 465 958 496 non
976 457 1064 508 est,
1083 456 1168 496 aut
1192 449 1540 496 confessionem
1557 464 1658 497 non
1681 454 1815 496 ante-

171 539 343 589 Potestatern
356 548 419 588 pe?
449 522 578 571 cedit
617 522 702 571 sed
741 524 972 586 sequitur.
1042 524 1133 571 His
1178 524 1247 571 ita
1292 523 1558 587 explicatis,
1599 539 1695 571 non
1743 527 1817 571 est

169 585 413 659 {Zaffiffiffi
447 598 696 647 intellectu
714 598 922 658 difficile,
943 600 1095 662 qualis
1115 599 1197 646 illa
1215 599 1277 646 sit
1293 605 1507 662 potestas
1524 596 1745 646 solvendi
1767 603 1818 645 et

170 677 230 739 321²
246 668 413 745 ᾗξζζξζξ·
448 672 660 738 ligandi.
730 674 852 722 Cum
886 674 1015 721 enim
1049 674 1100 721 in
1136 674 1415 722 remissione
1448 674 1543 721 duo
1581 673 1705 721 sint:
1746 672 1817 719 al-

171 755 414 825 ffifigffiresffipgj
448 755 620 808 terum,
633 748 874 811 judicium
892 750 991 797 sive
1010 749 1358 808 condemnatio,
1379 765 1474 812 qua
1494 749 1677 796 factum
1689 747 1819 811 judi-

172 840 344 890 pfenaepfia
364 840 410 878 Ju-
450 831 588 871 catur
625 839 727 871 esse
763 832 1045 887 peccatum;
1087 825 1309 883 alterum,
1349 825 1433 872 ubi
1473 824 1819 872 condemnatus

173 883 396 955 ssfflgfflade‘*
445 898 630 961 judicio
671 899 979 961 acquiescens
1013 899 1294 958 obediverit,
1330 899 1381 947 id
1412 905 1500 957 est,
1523 898 1819 962 poenituerit,

440 974 643 1039 peceati
675 974 912 1033 remissio,
935 975 1012 1022 vel
1047 975 1088 1021 si
1121 991 1219 1022 non
1251 974 1548 1038 poenituerit,
1581 972 1788 1021 retentio
1802 990 1820 1020 .·

449 1049 659 1111 primum
683 1065 865 1108 eorum,
885 1048 936 1097 id
960 1057 1047 1108 est,
1062 1050 1281 1112 judicare
1305 1066 1367 1098 an
1391 1050 1454 1098 sit
1475 1057 1743 1113 peccatum,
1758 1047 1822 1096 ad

452 1122 766 1188 interpretem
786 1124 930 1189 ZegiS,
950 1123 1001 1172 id
1024 1132 1112 1183 est,
1124 1125 1342 1187 judicem
1364 1141 1587 1172 summum
1601 1143 1620 1180 ;
1655 1139 1823 1172 secun-

453 1198 583 1257 dum,
605 1198 821 1246 remissio
843 1199 921 1246 vel
943 1200 1151 1247 retentio
1174 1200 1363 1262 peccati
1383 1200 1597 1262 pertinet
1619 1198 1682 1246 ad
1694 1213 1823 1263 pas-

453 1280 604 1319 torem
617 1291 636 1327 ;
685 1279 734 1320 et
770 1280 844 1320 est
879 1273 962 1321 illa
996 1274 1116 1337 ipsa,
1158 1274 1217 1321 de
1255 1290 1350 1337 qua
1385 1274 1560 1337 agitur,
1592 1279 1823 1338 potestas

454 1346 652 1411 ligandi
696 1355 746 1394 et
790 1347 1022 1395 solvendi.
1091 1349 1252 1412 Atque
1295 1350 1421 1397 hanc
1466 1364 1630 1396 veram
1674 1348 1824 1396 fuisse

454 1421 742 1468 sententiam
780 1421 934 1468 nostri
980 1421 1248 1470 Servatoris
1294 1423 1345 1470 in
1390 1423 1624 1486 ejusmodi
1662 1429 1824 1486 potes-

453 1495 568 1542 tatis
601 1495 922 1554 institutione,
964 1511 1023 1542 ex
1062 1496 1241 1544 Matth.
1273 1497 1402 1544 xviii.
1442 1503 1603 1554 15-18,
1638 1497 1706 1545 sic
1741 1513 1825 1560 ap-

455 1578 607 1633 paret.
676 1570 948 1633 Discipulos
972 1571 1247 1634 alloquens:
1284 1572 1330 1618 si
1337 1572 1636 1636 peccaverit,
1650 1572 1824 1635 inquit,

455 1645 505 1692 in
538 1651 584 1692 te
598 1645 782 1708 frater
813 1651 935 1704 tuus,
967 1645 1093 1692 vade
1126 1652 1175 1692 et
1207 1646 1406 1710 corripe
1434 1663 1536 1693 eum
1558 1646 1686 1694 inter
1709 1653 1757 1694 te
1778 1652 1827 1693 et

457 1720 614 1785 ipsum
637 1719 789 1767 Solum
808 1739 819 1766 :
867 1720 1156 1781 (notandum
1180 1720 1336 1768 obiter
1360 1727 1448 1779 est,
1473 1720 1518 1767 si
1543 1720 1827 1785 peccaverit

458 1795 508 1842 in
546 1801 607 1853 te,
641 1794 770 1841 idem
817 1810 920 1842 esse
967 1794 1098 1857 quod
1143 1795 1188 1841 si
1233 1795 1463 1857 injuriam
1509 1794 1596 1842 tibi
1617 1795 1827 1860 feeerit,

458 1869 663 1932 ideoque
698 1869 831 1931 loqui
867 1869 1112 1916 Christum
1147 1869 1207 1916 de
1241 1869 1313 1926 iis,
1349 1885 1456 1932 quae
1488 1870 1734 1933 pertinent
1767 1869 1830 1917 ad

460 1943 680 1991 tribunal
700 1943 861 2006 civile)
884 1962 894 1990 :
937 1944 1089 2003 addit,
1113 1943 1159 1990 si
1184 1950 1231 1991 te
1253 1960 1346 1992 non
1370 1945 1600 2003 audierit,
1622 1945 1717 1993 hoc
1740 1952 1829 2004 est,

460 2019 500 2066 si
522 2025 668 2081 neget
700 2018 888 2077 fecisse,
912 2020 989 2066 vel
1015 2019 1055 2067 si
1077 2019 1261 2067 factum
1295 2019 1538 2067 confessus
1561 2019 1732 2068 fecisse
1755 2019 1830 2066 in-

455 2095 586 2157 juste
619 2101 780 2156 neget,
806 2093 985 2141 adhibe
1018 2100 1169 2141 tecum
1203 2094 1362 2141 adhue
1395 2111 1534 2141 unum
1567 2101 1654 2142 aut
1679 2094 1830 2142 duos:

461 2168 595 2233 quod
626 2169 672 2215 si
709 2168 797 2216 hos
836 2185 929 2216 non
977 2169 1210 2228 audierit,
1249 2169 1330 2217 dic
1365 2169 1597 2217 ecelesiae.
1667 2169 1831 2218 Quare

461 2250 622 2291 autem
655 2243 890 2302 ecelesiae,
913 2244 1007 2291 nisi
1039 2251 1095 2291 ut
1129 2244 1234 2307 ipsa
1263 2244 1450 2306 judicet
1483 2260 1546 2292 an
1579 2250 1832 2307 peccatum

462 2319 524 2367 sit
556 2318 743 2366 necne?
816 2319 959 2374 Quod
988 2318 1034 2366 si
1067 2319 1322 2366 eeclesiam
1355 2335 1448 2366 non
1482 2318 1711 2377 audierit,
1737 2318 1832 2366 hoc

463 2402 549 2451 est,
574 2394 613 2441 si
637 2393 889 2441 sententiae
912 2393 1128 2442 eeclesiae
1158 2410 1257 2441 non
1283 2394 1595 2456 acquieverit,
1621 2391 1706 2441 sed
1729 2407 1832 2439 sus-

463 2468 663 2516 tinuerit
686 2485 785 2515 non
809 2483 912 2515 esse
932 2475 1202 2531 peccatum,
1220 2468 1350 2532 quod
1373 2485 1429 2516 ea
1450 2475 1704 2531 peccatum
1729 2482 1831 2514 esse

459 2542 763 2605 judicaverit,
787 2542 881 2590 hoc
905 2550 993 2602 est,
1026 2543 1066 2590 si
1099 2559 1198 2590 non
1224 2542 1504 2605 poenituerit
1523 2563 1534 2598 ;
1555 2542 1705 2604 (nam
1729 2554 1832 2588 cer-

464 2626 569 2664 tum
604 2624 678 2665 est
709 2617 943 2680 poenitere
976 2616 1096 2664 facti
1122 2617 1379 2676 neminem,
1405 2616 1534 2680 quod
1550 2631 1648 2663 non
1671 2615 1832 2663 existi-

464 2699 566 2740 mat
599 2708 702 2740 esse
735 2692 1042 2755 peccatum);
1078 2708 1177 2740 non
1210 2692 1342 2750 dicit,
1368 2692 1448 2740 die
1471 2689 1710 2756 apostolis
1724 2708 1743 2744 ,·
1782 2696 1834 2738 ut

467 2767 687 2825 sciamus,
730 2767 1018 2815 sententiam
1060 2767 1358 2815 definitivam
1388 2767 1439 2814 in
1472 2765 1735 2828 quaestione
1770 2782 1834 2813 an

466 2841 527 2889 sit
549 2849 803 2904 peccatum
821 2858 989 2906 necne,
1008 2842 1213 2905 relinqui
1236 2859 1334 2890 non
1352 2842 1460 2901 illis,
1480 2840 1564 2889 sed
1580 2840 1798 2888 eeclesioe
1814 2859 1832 2895 ;
