2020 3262
305 275 378 308 DE
405 274 547 308 LEGE
575 273 814 307 NATURAE
843 271 1001 306 C1RCA
1029 272 1407 307 CONTRACTUS.
1485 261 1576 312 179

243 392 324 436 20.
360 386 723 450 ‹Im-jurandum
746 384 902 433 oratio
928 391 1003 432 est
1024 383 1337 447 promissioni
1367 385 1575 449 adJecta,
1618 406 1748 439 saer,
1775 406 1845 440 111,

176 478 276 526 qua
297 462 542 527 significat
557 462 839 526 promissor,
857 459 951 508 nisi
969 459 1269 523 praestiterit,
1286 462 1574 510 renunciare
1633 504 1638 512 ,
1712 459 1742 489 ²·

176 554 282 587 sese
317 537 666 587 misericordiae
698 535 892 584 divinae.
962 535 1086 585 Quae
1124 535 1343 583 definitio
1376 552 1436 583 ex
1460 537 1577 600 ipsis
1594 551 1794 602 Jurisjnfrandi

176 614 426 678 colligitur
448 614 627 674 verbis,
650 612 825 677 quibus
843 611 1055 660 essentia
1073 611 1394 675 jurisjurandi
1418 613 1574 660 conti-
1595 594 1736 624 defimm

174 697 337 746 netur,
353 689 601 749 nimirum,
621 689 697 737 ita
714 705 787 736 me
806 687 1010 751 adjuvet
1027 687 1183 747 Deae,
1202 687 1280 735 vel
1298 687 1405 736 aliis
1424 689 1577 751 aequi-

172 766 487 830 pollentibus,
518 772 577 814 ut
610 765 742 829 apud
775 765 1039 823 RomanOS,
1076 770 1130 812 tu
1162 762 1369 829 Jupiter
1410 771 1578 813 macta

174 857 282 890 eum
321 842 410 906 qui
425 841 712 906 fefellerit,
754 847 809 889 ut
846 856 941 906 ego
976 839 1104 888 hane
1147 846 1311 888 macto
1344 856 1573 906 porcam,

173 916 348 981 Neque
383 917 560 976 obstat,
585 917 719 980 quod
748 916 1093 981 jusjurandum
1132 932 1234 964 non
1272 916 1430 965 solum
1458 933 1574 981 pro-

171 993 467 1053 missorium,
484 993 570 1042 sed
594 993 857 1057 aliquando
881 993 1251 1041 affirmatorium
1270 992 1368 1040 dici
1388 994 1570 1056 possit:

171 1085 288 1117 nam
311 1069 396 1133 qui
426 1069 799 1117 affirmationem
825 1070 1107 1132 juramento
1148 1069 1422 1127 confirmat,
1459 1085 1574 1132 pro-

171 1144 327 1193 mittit
345 1160 397 1193 se
419 1159 536 1193 vera
558 1144 868 1208 respondere.
940 1145 1252 1208 Quamquam
1275 1153 1441 1194 autem
1466 1145 1571 1209 qui-

171 1221 378 1270 busdam
413 1222 465 1269 in
499 1221 619 1270 locis
642 1221 791 1270 moris
815 1229 921 1269 erat
957 1221 1163 1269 subditis
1187 1238 1274 1285 per
1297 1237 1438 1285 reges
1463 1237 1575 1270 suos

167 1298 351 1362 jurare,
385 1298 437 1346 id
459 1314 519 1346 ex
557 1315 615 1346 eo
639 1305 812 1346 natum
836 1306 925 1354 est,
946 1297 1079 1361 quod
1109 1314 1250 1362 reges
1281 1298 1352 1347 illi
1381 1298 1571 1346 divinos

172 1374 266 1422 sibi
296 1374 508 1422 honores
544 1373 715 1422 haberi
744 1373 988 1422 volebant.
1058 1374 1188 1422 Nam
1217 1375 1576 1437 jusjurandum

170 1450 284 1498 ideo
296 1449 635 1498 introductum
650 1459 738 1508 est,
758 1457 814 1497 ut
833 1450 927 1513 maj
934 1466 989 1497 or
1004 1457 1162 1498 metus
1186 1450 1425 1499 violandae
1443 1450 1575 1510 fidei,

171 1541 320 1590 quam
342 1525 384 1574 is
403 1541 500 1589 quo
523 1526 763 1584 homines,
788 1542 908 1589 quos
930 1525 1063 1574 facta
1084 1534 1255 1574 nostra
1276 1527 1428 1574 latere
1458 1542 1572 1590 pos-

170 1607 301 1658 sunt,
315 1601 744 1660 timemUS,divinae
758 1601 993 1666 potentiae
1018 1601 1409 1651 consideratione
1427 1610 1574 1666 atque

171 1677 408 1741 religione
430 1678 749 1726 incuteretur.

257 1759 338 1802 21.
373 1755 448 1802 Ex
485 1770 581 1817 quo
618 1754 837 1817 sequitur
866 1754 1226 1817 jusjurandum
1261 1755 1454 1819 concipi
1486 1755 1571 1803 de·
1590 1763 1807 1814 Jusjvrpndum

171 1830 289 1878 bere
313 1846 372 1878 ea
392 1829 618 1889 formula,
644 1846 740 1893 qua
762 1831 917 1878 utitur
939 1831 981 1878 is
1006 1831 1089 1894 qui
1107 1831 1301 1894 accipit.
1373 1832 1573 1880 Frustra
1589 1808 1845 1885 ἶᾷἶῖῗῖἶῗζῖἷα,

172 1906 305 1954 enim
341 1905 558 1969 adigitur
596 1906 770 1969 aliquis
800 1906 864 1954 ad
886 1907 1246 1969 jusjurandum
1281 1923 1370 1971 per
1410 1907 1570 1955 Deum
1588 1895 1767 1975 {fffflffi
1786 1895 1812 1922 ³⁵

172 1997 319 2045 quem
343 1997 443 2030 non
458 1982 631 2041 credit,
647 1981 854 2045 ideoque
868 1998 1027 2046 neque
1051 1983 1242 2031 metuit.
1310 1983 1416 2031 Etsi
1441 1983 1571 2031 enim

171 2057 357 2106 lumine
379 2058 593 2106 naturali
610 2058 723 2106 sciri
739 2058 894 2122 possit
916 2058 1075 2106 Deum
1093 2075 1213 2117 esse,
1238 2075 1382 2107 nemo
1405 2068 1572 2108 tamen

171 2150 261 2198 per
283 2133 420 2182 illum
445 2150 496 2182 se
520 2134 685 2197 jurare
717 2134 983 2182 arbitratur
1006 2135 1102 2182 alia
1123 2134 1349 2195 formula,
1374 2137 1452 2185 vel
1475 2137 1570 2185 alio

171 2210 387 2269 nomine,
407 2226 555 2273 quam
570 2210 702 2273 quod
715 2225 813 2257 suae
836 2209 1002 2273 ipsius,
1021 2210 1115 2258 hoc
1140 2217 1215 2259 est
1233 2211 1309 2274 (ut
1326 2212 1574 2262 existimat

172 2285 214 2334 is
237 2285 323 2349 qui
351 2286 503 2349 jurat)
536 2302 665 2333 verae
699 2285 947 2349 religionis
980 2284 1239 2350 praeceptis
1274 2289 1570 2337 continetur.

241 2368 323 2411 22.
359 2362 434 2410 Ex
477 2362 627 2410 allata
658 2362 1009 2425 jurisjurandi
1045 2362 1331 2412 definitione
1363 2365 1573 2429 intelligi
1587 2374 1803 2424 Jpsjumudum
1835 2418 1840 2424 ,

172 2445 352 2503 potest,
363 2445 574 2504 paetum
592 2438 779 2486 nudum
797 2454 897 2487 non
916 2438 1076 2487 minus
1096 2440 1329 2504 obligare,
1349 2457 1496 2504 quam
1519 2441 1572 2489 in
1588 2417 1857 2500 giliiflgassffifagss

173 2513 309 2578 quod
333 2513 620 2577 juravimus.
690 2513 902 2562 Paetum
933 2514 1063 2562 enim
1086 2522 1161 2563 est
1185 2532 1282 2579 quo
1306 2517 1570 2581 adstringi·
1588 2508 1682 2533 ‘³³⁰¹
1693 2509 1787 2543 ΡΜ·

173 2605 314 2646 mur3
338 2590 679 2653 juramentum
703 2589 768 2638 ad
793 2590 1099 2654 punitionem
1127 2592 1344 2641 divinam
1375 2594 1567 2653 attinet,

175 2681 323 2730 quam
345 2681 613 2730 provocare
636 2666 858 2730 ineptum
873 2674 1016 2726 esset,
1036 2667 1077 2715 si
1093 2668 1226 2732 pacti
1243 2669 1444 2717 violatio
1468 2686 1570 2719 non

174 2749 306 2791 esset
327 2757 417 2807 per
439 2757 491 2790 se
527 2741 711 2789 illicita.
781 2742 960 2791 Illicita
993 2750 1158 2791 autem
1182 2761 1282 2792 non
1307 2752 1450 2805 esset,
1474 2746 1569 2794 nisi

174 2825 376 2885 pactum
410 2825 540 2867 esset
563 2818 924 2882 obligatorium.
995 2818 1251 2881 Praeterea,
1285 2821 1369 2884 qui
1392 2838 1570 2871 renun-
1611 2822 1618 2828 ’

1342 2909 1415 2945 N2
