2020 3262
678 227 749 262 DE
777 227 1102 263 REMGIONE.
1491 221 1579 264 129

198 354 347 388 causa
367 346 623 403 praetere0,
655 340 939 399 tacuissent,
968 340 1243 403 potuissent
1265 356 1384 404 quas
1407 341 1582 390 lucrati
1632 363 1760 396 sne-r.
1783 364 1836 397 11,

197 421 339 463 erant
361 415 586 482 retinere.
657 416 803 471 Quod
825 414 889 464 ad
911 415 1115 463 alteram
1137 415 1481 465 mutandarum
1505 433 1581 465 re-
1709 415 1760 447 ¹4·

197 490 437 554 ligionum
451 508 647 540 causam
665 492 856 550 attinet,
879 507 1054 555 nempe
1073 506 1250 550 mores,
1265 491 1579 540 manifestum
1597 508 1672 559 ‹313ae
1680 509 1813 546 amquoe
1824 518 1866 537 m

198 572 274 615 est
302 567 548 616 neminem
583 584 610 616 e
650 567 798 631 vulgo
833 567 903 615 ita
936 583 1040 615 esse
1077 566 1340 630 stupidum,
1376 575 1433 615 ut
1470 584 1582 616 cum
1597 551 1718 591 ¹¹⁸¹⁰¹¹³⁸
1740 557 1862 584 mmm

169 671 172 674 -
198 641 351 702 illum,
371 643 454 707 qui
468 643 666 692 credere
684 644 825 707 jubet
842 659 918 691 res
936 643 1117 706 alioqui
1135 642 1327 690 creditu
1346 642 1581 703 difficiles,

198 717 270 767 ita
290 718 453 767 vivere
475 719 652 767 viderit
673 735 731 767 ac
755 719 796 767 si
825 718 927 782 ipse
959 735 1060 766 non
1091 718 1329 777 crederet,
1361 734 1461 766 non
1491 719 1582 767 im-

197 801 447 858 postorem
480 802 635 859 putet,
671 801 720 843 et
756 794 1002 843 credenda
1035 810 1135 842 non
1171 810 1274 842 esse
1306 810 1416 857 quae
1446 796 1581 844 credi

192 871 358 934 jubet;
406 871 676 934 praesertim
700 870 756 929 si,
781 876 836 918 ut
859 870 939 938 ille
963 869 1146 927 credat,
1165 870 1359 933 jubenti
1383 871 1582 920 credere

198 946 264 995 sit
283 946 419 995 utile.
489 947 541 994 Si
564 946 773 995 doceant
796 962 930 1010 ergo,
962 954 1018 994 ut
1041 946 1222 1009 ubique
1255 945 1450 1004 docent,
1476 963 1580 995 cre-

198 1021 420 1071 dentium
447 1038 552 1071 esse
579 1023 738 1070 minus
770 1038 941 1070 avaros
975 1037 1081 1070 esse
1112 1038 1259 1086 quam
1287 1021 1385 1079 alii,
1419 1021 1580 1070 minus

195 1098 494 1158 ambitiosos,
534 1099 695 1147 minus
741 1099 988 1162 superbos,
1029 1098 1191 1146 minus
1237 1099 1456 1146 sensibus
1502 1099 1578 1146 in-

197 1173 414 1238 dulgere,
444 1175 603 1223 minus
628 1190 679 1223 se
702 1174 974 1222 immiscere
998 1174 1208 1238 negotiis
1230 1174 1505 1233 mundanis,
1530 1174 1582 1223 id

195 1257 274 1299 est
309 1250 546 1309 civilibus,
606 1251 764 1299 minus
811 1250 1084 1308 convitiari,
1140 1251 1301 1299 minus
1346 1250 1580 1310 invidere,

195 1326 352 1390 magis
381 1343 527 1390 quam
557 1326 638 1374 alii
666 1326 814 1375 corde
850 1325 1057 1390 simplici
1093 1342 1214 1385 esse,
1246 1326 1299 1374 id
1331 1333 1404 1374 est
1426 1326 1582 1390 magis

194 1409 405 1466 apertos,
445 1401 600 1466 magis
639 1402 994 1460 misericordeS,
1036 1402 1192 1465 magis
1230 1418 1443 1461 veraces,
1490 1419 1582 1451 nec

194 1485 360 1528 tamen
384 1478 477 1542 ipsi
499 1478 619 1527 tales
642 1478 754 1538 sint,
798 1494 899 1526 non
924 1478 1106 1526 debent
1128 1478 1363 1542 conqueri
1386 1478 1427 1526 si
1459 1478 1582 1527 fides

194 1555 290 1603 illis
312 1561 484 1619 postea
506 1571 607 1603 non
625 1555 930 1603 adhibeatur.
989 1553 1230 1617 Equidem
1254 1554 1386 1617 quod
1409 1553 1580 1618 religio

196 1630 476 1679 Christiana
506 1638 726 1694 tempore
761 1637 1041 1678 sanctorum
1069 1629 1399 1692 apostolorum
1429 1629 1580 1693 insig-

194 1706 324 1755 niter
355 1706 581 1764 creverit,
613 1706 665 1754 in
694 1722 872 1769 magna
902 1712 1042 1769 parte
1071 1721 1228 1753 causae
1258 1705 1409 1753 fuisse
1433 1705 1580 1753 credo

196 1782 506 1831 sacerdotum
529 1782 836 1830 ethnicorum
858 1781 1011 1829 vitam
1040 1798 1139 1829 non
1169 1789 1403 1829 sanctam.
1476 1782 1581 1829 Sci-

194 1858 312 1907 licet
333 1865 515 1923 praeter
536 1857 658 1906 vitia
681 1873 792 1905 cum
807 1857 954 1920 vulgo
973 1856 1067 1904 illis
1086 1857 1377 1916 communia,
1397 1857 1581 1905 immis-

196 1935 374 1984 cebant
397 1950 447 1983 se
478 1934 731 1983 civitatum
762 1933 892 1981 inter
923 1949 974 1981 se
1005 1933 1380 1989 controversiis;
1419 1939 1582 1980 custo-

195 2010 490 2074 diebantque
513 2011 644 2058 Deos
669 2009 1077 2074 quemadmodum
1099 2009 1315 2057 nutrices
1335 2009 1581 2057 custodire

194 2085 409 2135 infantes
433 2085 612 2141 solent3
637 2085 868 2133 nimirum
890 2101 953 2133 ne
977 2085 1218 2148 cuiquam,
1237 2084 1331 2132 ni'si
1349 2101 1493 2148 quem
1512 2083 1582 2132 illi

192 2162 382 2221 volunt,
414 2160 478 2210 ad
500 2161 610 2209 illos
633 2176 855 2209 accessus
879 2160 956 2219 sit,
989 2167 1076 2208 aut
1099 2177 1391 2224 quemquam
1415 2167 1581 2208 ament

193 2238 290 2287 nisi
340 2254 371 2286 a
420 2237 589 2301 seipsis
645 2236 1055 2284 commendatum.
1159 2236 1581 2285 Commendabant

194 2323 360 2364 autem
381 2314 603 2363 homines
638 2313 770 2362 avari
805 2329 887 2362 eos
911 2313 1055 2372 SOIOS,
1079 2329 1109 2362 a
1132 2313 1306 2377 quibus
1340 2312 1581 2362 beneficia

193 2391 514 2456 accipiebant.

788 2615 1046 2633 Ι*

327 2940 450 2975 von.
475 2941 536 2974 11.
1414 2945 1447 2977 Κ
