2020 3262
149 361 277 393 SECT.
305 362 374 396 111.

235 413 283 444 11.

146 1095 214 1124 Sino
227 1105 340 1124 summo

143 1139 271 1176 imperio,
284 1148 342 1166 non

144 1192 206 1211 csse
215 1182 369 1216 civitatem,

144 1225 194 1253 sed
213 1225 388 1254 marchiam.

149 2296 252 2324 Servos
264 2298 294 2324 et
305 2296 381 2324 filios

147 2340 251 2367 debere
268 2339 391 2367 dominis

147 2385 176 2410 et
209 2383 378 2419 parentibus

146 2425 305 2462 simplicem
328 2426 391 2453 obe-

146 2468 292 2497 dientiam.

410 222 505 263 280
950 233 1252 269 IMPERIUM.

408 349 437 380 a
475 333 618 381 Saule
655 334 718 382 ad
752 342 975 395 mortem,
1001 337 1238 385 abstinuit
1273 345 1436 385 tamen
1460 354 1490 386 a
1512 339 1644 387 caede
1667 340 1790 402 ejus,

406 418 716 481 prohibitque
748 419 996 466 Abisaium
1029 420 1192 468 dicens
1216 421 1257 480 (l
1291 422 1420 468 Sam.
1441 422 1568 469 xxvi.
1594 423 1672 484 9):
1708 422 1790 470 Ne

406 488 700 555 ‘interficias'
717 510 822 540 eum
839 513 857 549 ;
894 495 1006 558 quis
1031 495 1155 542 enim
1181 496 1414 543 eoetendet
1438 513 1626 550 nulnum
1651 513 1791 544 snam

408 568 459 614 in
483 568 719 616 christum
760 570 978 628 Domini,
1017 577 1068 616 et
1110 571 1343 618 innovetis
1377 572 1476 618 erit
1495 575 1526 619 49⁴
1592 572 1655 619 Et
1678 588 1788 619 cum

407 644 705 706 praecidisset
730 660 863 691 oram
879 645 1150 708 chlamydis
1165 646 1284 707 ejus,
1313 645 1593 709 Propitius,
1612 646 1791 709 (inquit

414 725 431 766 l
465 719 592 766 Sam.
629 719 755 766 xxiv.
782 719 834 781 7)
883 720 1001 766 milei
1054 721 1122 766 sit
1174 721 1430 779 Dominus,
1473 726 1539 768 ne
1567 721 1790 785 faciam,

407 795 534 842 hanc
567 812 668 842 rem
693 795 884 842 domino
909 813 1026 854 meo,
1052 795 1240 843 christo
1266 797 1486 855 Domini,
1525 804 1576 844 ut
1599 797 1791 844 mittam

408 886 596 916 manum
620 886 770 916 meam
804 870 852 916 in
878 887 997 916 eam.
1033 872 1096 918 Et
1113 871 1456 930 Amalekitam,
1483 872 1566 935 qui
1596 872 1791 920 Saulem

409 961 700 1008 quamquam
747 946 797 992 in
836 946 986 1008 ipsius
1027 946 1235 1008 gratiam
1281 947 1609 1006 interfecerat,
1646 947 1793 1011 Jussit

406 1028 570 1068 tamen
609 1021 658 1082 (2
686 1021 813 1068 Sam.
838 1021 867 1068 i.
901 1022 984 1082 15)
1007 1022 1230 1069 interfici.

473 1102 519 1144 4.
558 1096 703 1144 Quod
732 1097 940 1144 habetur
963 1097 1121 1144 Judic.
1147 1098 1263 1145 xvii.
1286 1103 1315 1145 6
1340 1117 1350 1144 ε
1388 1099 1451 1144 In
1485 1097 1658 1145 diebus
1683 1096 1791 1144 illis

407 1186 500 1217 non
526 1177 639 1218 erat
663 1188 754 1218 rex
779 1171 830 1218 in
855 1171 1040 1229 Israel,
1065 1172 1157 1218 secl
1178 1172 1512 1236 unusquisque
1537 1172 1672 1236 qnod
1692 1172 1791 1219 sibi

407 1252 593 1292 rectam
628 1245 905 1304 videbatur,
930 1246 1022 1293 lzoc
1043 1247 1299 1309 faciebat,
1325 1255 1558 1310 tanquam
1580 1247 1666 1294 ubi
1690 1263 1792 1295 non

408 1321 469 1367 sit
491 1321 796 1378 monarchia,
844 1321 911 1367 ibi
935 1321 997 1368 sit
1020 1322 1264 1368 anarehia
1284 1338 1367 1368 seu
1392 1322 1612 1369 confusio
1636 1323 1791 1370 omni-

407 1411 491 1442 um
505 1410 682 1453 rerum,
692 1394 867 1442 adduci
880 1403 1044 1457 posset
1059 1396 1122 1442 ad
1134 1396 1440 1458 probandum
1455 1397 1790 1444 excellentiam

407 1470 546 1533 regni
569 1486 715 1532 supra
738 1486 904 1517 omnes
938 1471 1055 1518 alias
1081 1471 1287 1518 civitatis
1309 1472 1518 1526 formas3
1542 1473 1635 1519 nisi
1659 1473 1792 1536 quod

408 1561 496 1608 per
519 1561 689 1594 vocem
713 1562 804 1592 rex
827 1546 980 1608 possit
1002 1546 1126 1593 forte
1149 1546 1355 1609 intelligi
1377 1563 1476 1594 non
1499 1548 1644 1595 modo
1668 1564 1790 1595 anus

407 1621 560 1678 homo,
599 1620 686 1668 sed
716 1620 861 1667 etiam
887 1637 982 1667 ana
1019 1620 1177 1679 curia,
1202 1621 1347 1668 modo
1372 1636 1613 1668 summum
1647 1622 1699 1669 in
1734 1638 1792 1670 ea

407 1695 619 1743 resideat
655 1696 929 1758 imperium.
1016 1696 1163 1744 Quod
1199 1696 1239 1743 si
1276 1696 1345 1744 sic
1382 1697 1661 1759 accipiatur,
1698 1698 1793 1745 hoc

408 1779 574 1818 tamen
614 1771 728 1818 inde
768 1771 990 1830 efficitur,
1023 1778 1079 1818 ut
1119 1771 1222 1818 sine
1262 1787 1448 1819 summo
1487 1779 1536 1819 et
1569 1772 1792 1820 absoluto

408 1846 611 1909 imperio
654 1846 807 1907 (quod
846 1853 950 1893 toto
997 1846 1153 1908 capite
1200 1853 1338 1893 sexto
1376 1847 1582 1908 probare
1629 1847 1793 1894 conati

408 1921 592 1981 sumus)
632 1920 829 1967 cuilibet
865 1920 1031 1967 licebit
1067 1921 1299 1984 quicquid
1330 1921 1514 1980 libebit,
1538 1921 1637 1969 sive
1661 1922 1792 1984 quic-

409 1996 526 2059 quid
549 1996 640 2043 sibi
675 2002 863 2043 rectum
886 1995 1132 2043 videbitur
1152 2017 1163 2051 ;
1201 1996 1333 2058 quod
1357 2003 1484 2044 stare
1508 2013 1607 2044 non
1630 2004 1794 2059 potest

409 2088 521 2119 cum
539 2072 902 2119 conservatione
925 2071 1116 2134 generis
1138 2071 1354 2130 humani,
1373 2072 1580 2135 ideoque
1598 2072 1791 2135 imperi-

407 2163 491 2194 um
515 2162 755 2194 summum
779 2162 838 2193 ex
859 2146 967 2208 lege
990 2154 1178 2194 naturae
1201 2146 1252 2193 in
1277 2146 1409 2194 omni
1431 2147 1628 2194 civitate
1647 2146 1791 2194 intel-

406 2221 575 2285 ligitur
598 2222 826 2269 exsistere
850 2221 1042 2269 alicubi.

475 2303 519 2344 5.
557 2297 739 2344 Servos
759 2297 970 2344 dominis
989 2296 1255 2359 simplicem
1275 2296 1453 2344 debere
1465 2295 1791 2343 obedientiam

411 2372 638 2431 diximus,
664 2388 770 2435 cap.
795 2371 894 2419 viii.
921 2379 1012 2419 art.
1033 2374 1080 2430 7,
1107 2377 1153 2430 8,
1178 2378 1228 2418 et
1234 2370 1382 2433 filios
1397 2370 1652 2434 patribus,
1677 2387 1788 2434 cap,

407 2448 471 2495 ix.
497 2454 595 2495 art„
614 2450 661 2502 7.
724 2447 860 2495 Idem
886 2447 1004 2494 dicit
1032 2454 1227 2495 sanctus
1252 2446 1441 2504 Paulus,
1461 2445 1691 2493 nimirum
1729 2446 1794 2494 de

408 2523 558 2570 servis
597 2522 725 2584 (Col.
749 2521 816 2569 iii.
842 2522 926 2584 22)
951 2541 962 2568 ι
1001 2522 1146 2569 Servi
1170 2521 1365 2568 obedite
1380 2537 1480 2584 per
1496 2534 1679 2568 OMNIA
1702 2521 1789 2569 do-

408 2598 553 2645 minis
578 2596 882 2654 earnalibaS,
907 2613 1003 2644 non
1034 2596 1104 2644 ad
1127 2595 1314 2643 oculum
1337 2594 1623 2654 servientes,
1642 2597 1791 2659 qnasi

407 2672 680 2719 hominibus
713 2671 995 2736 placentes,
1036 2670 1128 2717 sed
1164 2671 1215 2718 in
1253 2669 1580 2733 simplicitate
1618 2669 1791 2719 cordis

409 2747 633 2794 timentes
656 2746 830 2794 Deum.
884 2747 957 2794 De
992 2746 1103 2794 filiis
1141 2745 1264 2808 (Col.
1288 2745 1354 2792 iii.
1379 2744 1496 2806 20):
1529 2744 1655 2792 Filii
1678 2746 1793 2794 obe-

408 2822 511 2870 dite
531 2822 825 2886 parentibus
840 2839 940 2886 per
966 2836 1173 2876 OMN1A;
1195 2821 1284 2869 hoc
1308 2821 1432 2868 enim
1447 2819 1687 2883 placitum
1712 2830 1793 2871 est
