2020 3262
505 252 595 296 160
1074 266 1356 299 LIBERTAs.

240 391 367 424 sncvr,
388 393 455 427 111,
495 369 845 429 traducuntur;
881 390 1038 438 neque
1071 375 1287 438 parcitur
1315 374 1532 437 ipsismet
1558 374 1868 435 confabulanss

338 443 367 474 1.

255 489 443 511 κ-Ὗ-κ

494 445 637 505 tibus,
674 448 790 510 quin
824 449 953 497 idem
986 451 1232 513 patiantur
1266 450 1552 512 simulatque
1583 466 1608 497 e
1638 465 1870 515 concessu

218 533 368 563 Societafis
389 536 481 564 civius
496 521 728 579 exierint3
764 524 884 572 adeo
915 532 970 573 ut
1001 542 1099 573 non
1137 526 1398 573 absurdum
1433 525 1580 572 fuerit
1616 525 1866 573 consilium

216 577 334 605 initium
372 587 435 608 esse
462 589 481 608 a
526 597 536 607 -

216 623 300 648 mutu
312 624 416 650 metuo.

496 611 613 659 ejus,
653 598 736 660 qui
759 614 789 645 a
814 615 959 647 scena
982 600 1395 648 confabulantium
1419 600 1548 647 exire
1579 600 1867 650 novissimus

495 671 692 719 solebat.
761 673 922 736 Atque
958 675 1035 722 hae
1070 691 1197 723 verae
1234 683 1347 723 sunt
1385 675 1567 722 deliciae
1607 675 1868 735 societatis,

493 744 557 792 ad
580 762 697 808 quas
720 755 908 805 natura,
933 749 983 796 id
1008 757 1095 807 est,
1120 751 1180 797 ab
1205 750 1458 797 affectibus
1483 749 1613 796 omni
1631 748 1866 813 animanti

493 820 649 868 insitis
673 821 888 882 ferimur,
909 823 1062 870 donec
1080 825 1383 872 nocumentis
1401 824 1478 871 vel
1495 823 1748 887 praeceptis
1761 825 1865 884 fiat,

494 896 624 958 quod
637 896 688 943 in
702 898 864 945 multis
878 914 1125 960 nunquam
1139 900 1211 957 fit,
1227 906 1283 946 ut
1298 899 1539 962 appetitus
1553 899 1866 961 praesentium

493 971 726 1018 memoria
768 973 1126 1034 praeteritorum
1171 974 1459 1021 retundatur
1478 992 1488 1020 :
1543 974 1645 1021 sine
1692 974 1866 1037 quibus

493 1045 809 1107 plurimorum
849 1047 1101 1094 hominum
1137 1049 1188 1095 in
1222 1049 1426 1095 materia
1459 1049 1550 1096 hac
1580 1048 1866 1096 facundissi-

492 1136 683 1167 morum
706 1121 882 1183 frigida
913 1129 962 1169 et
990 1123 1157 1185 jejuna
1188 1131 1260 1170 est
1293 1123 1463 1171 oratio.
1535 1123 1680 1172 Quod
1711 1123 1751 1171 si
1783 1140 1863 1171 ac-

493 1194 623 1242 cidat
655 1195 958 1244 considentes
989 1197 1261 1244 historiolas
1298 1213 1509 1255 narrare,
1544 1213 1668 1245 unus
1699 1205 1864 1246 autem

493 1286 659 1317 eorum
684 1270 743 1317 de
771 1287 821 1318 se
852 1271 1061 1334 aliquam
1089 1272 1318 1335 proferat,
1356 1273 1683 1336 unusquisque
1718 1279 1862 1320 caete-

493 1361 658 1392 rorum
681 1346 986 1408 cupidissime
1011 1363 1201 1410 quoque
1233 1347 1292 1394 de
1325 1363 1374 1394 se
1404 1347 1636 1410 loquitur3
1672 1347 1712 1395 si
1734 1363 1858 1394 unus

491 1420 710 1467 mirabile
733 1421 927 1483 aliquod
945 1429 1124 1480 narret,
1150 1422 1313 1470 caeteri
1335 1422 1581 1480 miracula,
1602 1423 1642 1470 si
1663 1422 1860 1481 habent,

491 1494 709 1541 referunt
728 1515 740 1549 ;
794 1495 834 1542 si
872 1512 972 1543 non
1013 1496 1207 1554 habent,
1249 1497 1456 1559 fingunt.
1547 1497 1765 1560 Denique
1804 1504 1862 1544 ut

492 1569 664 1631 loquar
688 1569 748 1616 de
771 1570 828 1617 iis
854 1571 936 1633 qui
958 1572 1245 1633 profitentur
1267 1586 1368 1633 prae
1393 1572 1578 1619 caeteris
1603 1588 1785 1634 sapere,
1819 1572 1860 1619 si

492 1644 808 1707 philosophiae
830 1645 988 1707 gratia
1012 1652 1223 1704 coeatur,
1260 1653 1379 1707 quot
1407 1647 1624 1694 homines
1648 1653 1723 1694 tot
1746 1653 1860 1694 sunt

494 1719 577 1781 qui
601 1726 801 1766 caeteros
821 1719 1011 1777 docent,
1048 1736 1221 1782 nempe
1245 1727 1321 1767 tot
1342 1720 1511 1767 volunt
1533 1721 1751 1783 magistri
1773 1721 1859 1768 ha-

491 1795 617 1849 beri3
643 1794 819 1856 alioqui
835 1795 989 1842 socios
1011 1811 1109 1841 non
1131 1794 1291 1853 modo,
1311 1801 1366 1842 ut
1388 1795 1482 1853 alii,
1500 1811 1600 1843 non
1623 1811 1673 1842 se
1697 1802 1863 1843 amant

491 1878 677 1929 mutuo,
713 1871 798 1918 sed
831 1870 941 1917 odio
976 1876 1344 1933 prosequuntur.
1414 1870 1607 1917 Clarum
1642 1870 1762 1917 adeo
1787 1877 1862 1918 est

492 1946 789 2009 experientia
808 1946 1044 2003 omnibus,
1075 1945 1158 2007 qui
1181 1961 1256 1992 res
1278 1945 1511 1992 humanas
1534 1945 1678 2008 paulo
1702 1951 1859 1992 atten-

490 2022 586 2069 tius
606 2020 926 2079 considerant,
947 2020 1077 2083 quod
1095 2035 1378 2082 congressus
1394 2020 1548 2067 omnis
1567 2027 1858 2083 spontaneus

489 2097 567 2144 vel
590 2103 802 2159 egestate
826 2103 995 2143 mutua
1017 2095 1315 2153 conciliatur,
1333 2095 1409 2142 vel
1428 2095 1667 2158 captanda
1679 2095 1858 2157 gloria:

490 2171 620 2219 unde
643 2171 823 2219 referre
846 2171 1045 2218 student
1063 2170 1429 2233 congredientes
1452 2170 1529 2218 vel
1552 2169 1859 2218 commodum

491 2246 700 2309 aliquod,
735 2247 812 2294 vel
841 2245 960 2293 illud
990 2246 1225 2306 ευδοκιμεῖν,
1258 2245 1660 2293 existimationem
1692 2252 1741 2292 et
1770 2245 1858 2292 ho—

490 2338 660 2370 norem
681 2321 811 2384 apud
833 2321 1001 2369 socios
1045 2320 1181 2367 Idem
1205 2337 1395 2383 quoque
1412 2321 1598 2368 ratione
1616 2319 1858 2382 colligitur

491 2413 550 2444 ex
588 2398 703 2460 ipsis
749 2396 1107 2443 definitionibus
1151 2396 1431 2454 voluntatis,
1475 2395 1599 2453 boni,
1641 2395 1855 2453 honori-5⁸,

489 2472 645 2519 utilia.
715 2472 840 2519 Cum
863 2471 991 2518 enim
1013 2471 1215 2518 societas
1238 2470 1507 2518 voluntario
1525 2469 1855 2527 contrahatur,

489 2547 540 2594 in
565 2547 697 2595 omni
716 2547 943 2594 societate
960 2546 1189 2609 quaeritur
1205 2545 1466 2594 voluntatis
1483 2545 1738 2607 objectum,
1762 2544 1856 2592 hoc

491 2629 579 2680 est,
631 2622 682 2669 id
727 2622 857 2684 quod
900 2621 1092 2669 videtur
1136 2621 1394 2683 unicuique
1439 2618 1855 2682 congredientium

489 2698 670 2745 bonum
694 2697 797 2744 sibi.
868 2696 1112 2759 Quicquid
1145 2704 1306 2743 autem
1338 2694 1529 2742 videtur
1550 2694 1745 2751 bonum,
1776 2694 1855 2755 ju-

491 2772 703 2819 cundum
727 2779 812 2830 est,
832 2772 1137 2834 pertinetque
1161 2770 1224 2817 ad
1242 2785 1423 2832 organa
1444 2769 1519 2816 vel
1537 2768 1598 2815 ad
1623 2768 1851 2815 animum.

489 2847 653 2894 Animi
689 2856 850 2895 autem
887 2847 1106 2909 voluptas
1143 2845 1297 2893 omnis
1329 2844 1405 2891 vel
1437 2843 1594 2906 gloria
1625 2851 1714 2901 est,
1754 2842 1853 2890 sive

489 2923 612 2969 bene
658 2922 844 2984 opinari
889 2921 949 2969 de
994 2921 1162 2983 seipso,
1215 2919 1290 2967 vel
1335 2918 1398 2966 ad
1437 2918 1641 2981 gloriam
1675 2917 1847 2965 ultimo
