2020 3262
219 389 347 421 SECT.
369 390 437 424 111.

317 439 346 472 7.

480 249 577 291 248
1010 263 1311 298 IMPERIUM.

477 369 687 417 naturali
709 371 1037 435 unusquisque
1061 373 1237 420 civium
1272 389 1370 421 suae
1393 375 1745 424 conservationi
1767 391 1854 426 suo

478 444 730 507 providere
753 447 951 495 arbitrio
987 456 1163 510 potest.
1234 449 1473 507 Secundo,
1498 450 1538 497 si
1573 450 1741 499 civitas
1770 467 1854 500 ve-

227 532 449 581 quibusmodis
476 519 606 567 nerit
627 520 678 567 in
701 528 992 583 potestatem
1014 523 1241 581 hostium,
1266 523 1337 570 ita
1371 531 1428 571 ut
1458 525 1615 573 resisti
1652 526 1721 574 eis
1754 542 1854 575 non

227 576 298 602 civis
311 576 421 614 subjec-

226 618 458 649 tionenbffimr,
478 595 645 658 possit,
688 596 977 660 intelligitur
1013 597 1068 657 is,
1093 599 1174 661 qui
1210 599 1344 661 prius
1373 615 1604 647 summam
1643 601 1854 649 habebat

469 677 788 733 potestatem,
814 687 921 719 eam
951 673 1054 735 jam
1078 673 1331 721 amississe.
1402 674 1541 722 Cives
1573 675 1717 734 enim,
1742 691 1854 724 cum

474 761 668 792 omnem
707 754 937 794 conatum
979 747 1185 795 fecerint
1227 763 1290 795 ne
1336 749 1387 796 in
1430 765 1601 797 manus
1641 751 1853 798 hostium

473 820 710 879 venirent,
734 829 891 883 pacta,
919 837 1027 884 quae
1066 823 1281 870 inierunt
1316 824 1495 886 singuli
1518 833 1629 872 cu'm
1652 826 1852 890 singulis

474 895 534 942 de
580 896 855 943 obedientia
893 898 1184 959 praestanda,
1231 898 1571 962 adimplerunt.
1639 901 1703 949 Et
1744 916 1853 965 quae

470 971 781 1033 promiserint
813 981 983 1034 postea
1017 972 1147 1029 victi,
1188 973 1320 1021 necis
1352 974 1564 1023 vitandae
1598 991 1757 1034 causa,
1795 992 1854 1024 ea

472 1061 664 1108 quoque
686 1052 742 1092 ut
764 1053 997 1108 praestent
1036 1048 1168 1094 omni
1204 1056 1381 1096 conatu
1408 1050 1726 1099 laborandum
1763 1058 1849 1100 est.

471 1121 653 1178 Tertio,
678 1120 729 1167 in
752 1121 1055 1179 monarchia,
1085 1122 1218 1184 (nam
1251 1123 1381 1184 δῆμος
1405 1131 1454 1172 et
1472 1126 1614 1172 curia
1640 1126 1852 1190 optima-

473 1201 573 1242 tum
597 1195 803 1243 deficere
838 1212 939 1243 non
961 1198 1206 1259 possunt),
1232 1198 1272 1246 si
1296 1215 1546 1248 successor
1563 1202 1724 1249 nullus
1747 1218 1851 1250 om-

471 1270 588 1318 nino
640 1278 885 1333 appareat,
943 1288 1110 1320 omnes
1163 1273 1291 1320 cives
1336 1275 1707 1338 obligationibus
1753 1277 1851 1325 suis

471 1345 754 1392 liberantur.
823 1345 980 1394 Nemo
1003 1348 1132 1395 enim
1154 1348 1309 1396 teneri
1341 1349 1642 1414 intelligitur,
1666 1353 1750 1415 qui
1773 1353 1852 1400 cui

472 1425 667 1467 tenetur
696 1420 880 1475 nescit3
917 1422 1029 1483 quia
1063 1424 1311 1485 praestatio
1351 1425 1402 1472 in
1444 1425 1531 1472 tali
1568 1442 1686 1473 casu
1722 1434 1851 1475 esset

470 1493 795 1556 impossibilis.
864 1495 1026 1558 Atque
1050 1495 1124 1544 his
1147 1497 1301 1545 tribus
1319 1499 1475 1547 modis
1498 1516 1528 1547 a
1550 1501 1849 1563 subjectione

472 1568 602 1616 civili
634 1569 685 1616 in
707 1569 985 1626 libertatem
1009 1571 1225 1618 omnium
1248 1572 1310 1620 ad
1333 1574 1510 1632 omnia,
1533 1575 1628 1623 hoc
1651 1583 1738 1635 est,
1764 1593 1849 1625 na-

469 1644 678 1691 turalem
696 1651 745 1691 et
761 1644 1038 1704 belluinam,
1062 1645 1196 1707 (nam
1218 1654 1370 1695 status
1384 1657 1571 1696 naturae
1589 1649 1652 1697 ad
1669 1657 1850 1698 statum

471 1719 677 1777 civilem,
701 1719 794 1766 hoc
818 1726 906 1779 est,
927 1721 1125 1769 libertas
1149 1722 1212 1770 ad
1242 1723 1608 1786 subjectionem,
1633 1741 1740 1772 eam
1761 1725 1849 1774 ha-

470 1794 555 1841 bet
577 1794 955 1857 proportionem,
981 1813 1124 1859 quam
1149 1798 1388 1861 cupiditas
1412 1799 1475 1847 ad
1497 1800 1750 1860 rationem,
1773 1801 1850 1849 vel

470 1869 632 1916 bellua
654 1869 717 1916 ad
735 1870 1020 1933 hominem),
1042 1873 1184 1921 simul
1202 1889 1251 1921 se
1269 1875 1511 1937 recipiunt
1529 1876 1691 1924 cuncti
1706 1876 1848 1925 cives.

471 1946 713 1994 Praeterea
753 1964 883 2005 vero,
924 1950 1102 2013 singuli
1148 1951 1274 1999 cives
1315 1952 1509 2000 liberari
1554 1954 1850 2016 subjectione

466 2022 575 2083 jure
598 2030 801 2084 possunt
839 2025 1088 2073 voluntate
1120 2028 1236 2089 ejus,
1260 2043 1408 2090 penes
1433 2044 1576 2091 quem
1611 2044 1849 2076 summum

472 2102 545 2142 est
567 2096 852 2159 imperium;
888 2099 1117 2148 nimirum
1154 2101 1193 2148 si
1229 2102 1384 2150 solum
1423 2103 1683 2151 verterint:
1720 2103 1848 2166 quod

473 2170 660 2219 duobus
683 2173 838 2220 modis
862 2174 1081 2222 accidere
1114 2183 1305 2238 potest;
1342 2177 1419 2224 vel
1441 2178 1768 2240 permissione,
1792 2186 1848 2226 ut

473 2246 514 2293 si
537 2247 644 2309 quis
661 2248 802 2296 venia
824 2249 1081 2312 impetrata
1105 2251 1198 2298 alio
1221 2252 1386 2300 volens
1409 2253 1678 2300 habitatum
1711 2253 1812 2300 abit
1833 2273 1846 2307 ;

472 2321 549 2369 vel
558 2323 711 2384 jussu,
730 2330 785 2370 ut
802 2324 957 2372 exsul.
1029 2326 1248 2389 Utroque
1267 2343 1381 2375 casu
1403 2328 1525 2375 liber
1548 2328 1637 2375 erit
1660 2328 1847 2391 legibus

471 2396 646 2459 prioris
670 2398 891 2458 civitatis,
907 2407 1164 2463 propterea
1179 2402 1309 2464 quod
1327 2403 1643 2466 obstringitur
1658 2403 1846 2466 legibus

472 2473 768 2534 posterioris.
