<?xml version="1.0" encoding="UTF-8"?>
<!DOCTYPE html PUBLIC "-//W3C//DTD XHTML 1.0 Transitional//EN"
    "http://www.w3.org/TR/xhtml1/DTD/xhtml1-transitional.dtd">
<html xmlns="http://www.w3.org/1999/xhtml" xml:lang="en" lang="en">
 <head>
  <title>
</title>
<meta http-equiv="Content-Type" content="text/html;charset=utf-8" />
  <meta name='ocr-system' content='tesseract 3.04.00' />
  <meta name='ocr-capabilities' content='ocr_page ocr_carea ocr_par ocr_line ocrx_word'/>
</head>
<body>
  <div class='ocr_page' id='page_1' title='image "./operaphilosophic02hobbuoft_0051.png"; bbox 0 0 1968 3256; ppageno 0'>
   <div class='ocr_carea' id='block_1_1' title="bbox 0 0 71 377">
    <p class='ocr_par' dir='ltr' id='par_1_1' title="bbox 0 0 71 377">
     <span class='ocr_line' id='line_1_1' title="bbox 0 0 71 377; baseline 0 2879"><span class='ocrx_word' id='word_1_1' title='bbox 0 0 71 377; x_wconf 95' lang='lat' dir='ltr'> </span> 
     </span>
    </p>
   </div>
   <div class='ocr_carea' id='block_1_2' title="bbox 0 273 35 1174">
    <p class='ocr_par' dir='ltr' id='par_1_2' title="bbox 0 273 35 1174">
     <span class='ocr_line' id='line_1_2' title="bbox 27 273 35 282; baseline 0 0"><span class='ocrx_word' id='word_1_2' title='bbox 27 273 35 282; x_wconf 67' lang='lat' dir='ltr'>A.</span> 
     </span>
     <span class='ocr_line' id='line_1_3' title="bbox 0 371 35 411; baseline 0 0"><span class='ocrx_word' id='word_1_3' title='bbox 0 371 35 411; x_wconf 61' lang='lat' dir='ltr'>f:</span> 
     </span>
     <span class='ocr_line' id='line_1_4' title="bbox 18 488 33 503; baseline 0 -4"><span class='ocrx_word' id='word_1_4' title='bbox 18 488 33 503; x_wconf 68' lang='grc' dir='ltr'>ῑ·.</span> 
     </span>
     <span class='ocr_line' id='line_1_5' title="bbox 0 413 31 719; baseline 0 0"><span class='ocrx_word' id='word_1_5' title='bbox 0 413 31 719; x_wconf 63' lang='grc' dir='ltr'>ξ</span> 
     </span>
     <span class='ocr_line' id='line_1_6' title="bbox 0 714 31 925; baseline 0 -203"><span class='ocrx_word' id='word_1_6' title='bbox 0 714 31 925; x_wconf 63' lang='lat'>{-</span> 
     </span>
     <span class='ocr_line' id='line_1_7' title="bbox 0 941 18 957; baseline 0 -1"><span class='ocrx_word' id='word_1_7' title='bbox 0 941 18 957; x_wconf 59' lang='lat'>³2²</span> 
     </span>
     <span class='ocr_line' id='line_1_8' title="bbox 4 1118 28 1147; baseline 0 -20"><span class='ocrx_word' id='word_1_8' title='bbox 4 1118 28 1147; x_wconf 36' lang='grc' dir='ltr'>Ἤ</span> 
     </span>
     <span class='ocr_line' id='line_1_9' title="bbox 10 1158 23 1174; baseline 0 0"><span class='ocrx_word' id='word_1_9' title='bbox 10 1158 23 1174; x_wconf 62' lang='lat' dir='ltr'><em>l</em></span> 
     </span>
    </p>
   </div>
   <div class='ocr_carea' id='block_1_3' title="bbox 358 273 1584 327">
    <p class='ocr_par' dir='ltr' id='par_1_3' title="bbox 358 273 1584 327">
     <span class='ocr_line' id='line_1_10' title="bbox 358 273 1584 327; baseline 0.003 -13"><span class='ocrx_word' id='word_1_10' title='bbox 358 280 430 314; x_wconf 75' lang='lat' dir='ltr'>DE</span> <span class='ocrx_word' id='word_1_11' title='bbox 457 279 1007 315; x_wconf 82' lang='lat' dir='ltr'><strong>REPRAESENTATIONE</strong></span> <span class='ocrx_word' id='word_1_12' title='bbox 1035 281 1282 327; x_wconf 82' lang='lat' dir='ltr'>oBJEC&#39;rl,</span> <span class='ocrx_word' id='word_1_13' title='bbox 1308 283 1422 318; x_wconf 76' lang='lat' dir='ltr'>E&#39;rc.</span> <span class='ocrx_word' id='word_1_14' title='bbox 1522 273 1584 324; x_wconf 87' lang='grc'>37</span> 
     </span>
    </p>
   </div>
   <div class='ocr_carea' id='block_1_4' title="bbox 173 392 1853 2899">
    <p class='ocr_par' dir='ltr' id='par_1_4' title="bbox 199 392 1851 610">
     <span class='ocr_line' id='line_1_11' title="bbox 200 392 1828 457; baseline 0.003 -17"><span class='ocrx_word' id='word_1_15' title='bbox 200 392 351 441; x_wconf 90' lang='lat' dir='ltr'>culus.</span> <span class='ocrx_word' id='word_1_16' title='bbox 402 394 487 443; x_wconf 90' lang='lat' dir='ltr'>Sin</span> <span class='ocrx_word' id='word_1_17' title='bbox 511 393 756 457; x_wconf 87' lang='lat' dir='ltr'>triangula</span> <span class='ocrx_word' id='word_1_18' title='bbox 779 393 824 440; x_wconf 92' lang='lat' dir='ltr'><strong>A</strong></span> <span class='ocrx_word' id='word_1_19' title='bbox 839 392 878 440; x_wconf 90' lang='lat' dir='ltr'>B</span> <span class='ocrx_word' id='word_1_20' title='bbox 895 392 949 449; x_wconf 84' lang='lat' dir='ltr'>C,</span> <span class='ocrx_word' id='word_1_21' title='bbox 975 393 1015 440; x_wconf 94' lang='lat' dir='ltr'><strong>B</strong></span> <span class='ocrx_word' id='word_1_22' title='bbox 1031 393 1075 440; x_wconf 96' lang='lat' dir='ltr'>D</span> <span class='ocrx_word' id='word_1_23' title='bbox 1095 393 1133 440; x_wconf 90' lang='lat' dir='ltr'>C</span> <span class='ocrx_word' id='word_1_24' title='bbox 1153 409 1251 441; x_wconf 92' lang='lat' dir='ltr'>non</span> <span class='ocrx_word' id='word_1_25' title='bbox 1275 394 1372 442; x_wconf 88' lang='lat' dir='ltr'>sint</span> <span class='ocrx_word' id='word_1_26' title='bbox 1395 396 1584 455; x_wconf 85' lang='lat' dir='ltr'>similia,</span> <span class='ocrx_word' id='word_1_27' title='bbox 1631 418 1758 453; x_wconf 70' lang='lat' dir='ltr'>SECT,</span> <span class='ocrx_word' id='word_1_28' title='bbox 1778 419 1828 453; x_wconf 81' lang='lat'>11,</span> 
     </span>
     <span class='ocr_line' id='line_1_12' title="bbox 199 469 1851 545; baseline 0.002 -28"><span class='ocrx_word' id='word_1_29' title='bbox 199 471 294 517; x_wconf 90' lang='lat' dir='ltr'>erit</span> <span class='ocrx_word' id='word_1_30' title='bbox 316 471 424 534; x_wconf 91' lang='lat' dir='ltr'>(per</span> <span class='ocrx_word' id='word_1_31' title='bbox 441 471 658 534; x_wconf 89' lang='lat' dir='ltr'>ejusdem</span> <span class='ocrx_word' id='word_1_32' title='bbox 677 469 926 533; x_wconf 89' lang='lat' dir='ltr'>Mydorgii</span> <span class='ocrx_word' id='word_1_33' title='bbox 943 469 1239 518; x_wconf 91' lang='lat' dir='ltr'>Conicorum</span> <span class='ocrx_word' id='word_1_34' title='bbox 1262 471 1368 518; x_wconf 89' lang='lat' dir='ltr'>Lib.</span> <span class='ocrx_word' id='word_1_35' title='bbox 1390 487 1426 518; x_wconf 91' lang='lat'>1.</span> <span class='ocrx_word' id='word_1_36' title='bbox 1443 489 1581 535; x_wconf 94' lang='lat' dir='ltr'>prop.</span> <span class='ocrx_word' id='word_1_37' title='bbox 1613 536 1616 542; x_wconf 62' lang='lat'>.</span> <span class='ocrx_word' id='word_1_38' title='bbox 1722 471 1754 503; x_wconf 80' lang='lat'>4·</span> <span class='ocrx_word' id='word_1_39' title='bbox 1846 534 1851 545; x_wconf 40' lang='grc' dir='ltr'>Ι</span> 
     </span>
     <span class='ocr_line' id='line_1_13' title="bbox 199 545 1581 610; baseline 0.001 -17"><span class='ocrx_word' id='word_1_40' title='bbox 199 546 252 606; x_wconf 92' lang='grc'>6)</span> <span class='ocrx_word' id='word_1_41' title='bbox 294 547 445 595; x_wconf 90' lang='lat' dir='ltr'>sectio</span> <span class='ocrx_word' id='word_1_42' title='bbox 469 546 553 594; x_wconf 94' lang='lat' dir='ltr'>illa</span> <span class='ocrx_word' id='word_1_43' title='bbox 575 545 773 608; x_wconf 87' lang='lat' dir='ltr'>ellipsis.</span> <span class='ocrx_word' id='word_1_44' title='bbox 826 546 1000 609; x_wconf 91' lang='lat' dir='ltr'>Itaque</span> <span class='ocrx_word' id='word_1_45' title='bbox 1024 546 1065 594; x_wconf 89' lang='lat' dir='ltr'>si</span> <span class='ocrx_word' id='word_1_46' title='bbox 1087 547 1246 610; x_wconf 92' lang='lat' dir='ltr'>figura</span> <span class='ocrx_word' id='word_1_47' title='bbox 1270 546 1464 610; x_wconf 86' lang='lat' dir='ltr'>objecti,</span> <span class='ocrx_word' id='word_1_48' title='bbox 1490 555 1581 596; x_wconf 89' lang='lat' dir='ltr'>etc.</span> 
     </span>
    </p>

    <p class='ocr_par' dir='ltr' id='par_1_5' title="bbox 199 621 820 686">
     <span class='ocr_line' id='line_1_14' title="bbox 199 621 820 686; baseline -0.002 -16"><span class='ocrx_word' id='word_1_49' title='bbox 199 621 347 670; x_wconf 78' lang='lat' dir='ltr'>Quod</span> <span class='ocrx_word' id='word_1_50' title='bbox 370 629 475 671; x_wconf 90' lang='lat' dir='ltr'>erat</span> <span class='ocrx_word' id='word_1_51' title='bbox 497 621 820 686; x_wconf 89' lang='lat' dir='ltr'>probandum.</span> 
     </span>
    </p>

    <p class='ocr_par' dir='ltr' id='par_1_6' title="bbox 193 697 1584 914">
     <span class='ocr_line' id='line_1_15' title="bbox 263 697 1583 762; baseline 0.001 -16"><span class='ocrx_word' id='word_1_52' title='bbox 263 698 509 746; x_wconf 83' lang='lat' dir='ltr'>Facillime</span> <span class='ocrx_word' id='word_1_53' title='bbox 549 697 838 761; x_wconf 84' lang='lat' dir='ltr'>intelligitur</span> <span class='ocrx_word' id='word_1_54' title='bbox 872 714 900 745; x_wconf 90' lang='lat' dir='ltr'>e</span> <span class='ocrx_word' id='word_1_55' title='bbox 930 703 1115 757; x_wconf 88' lang='lat' dir='ltr'>contra,</span> <span class='ocrx_word' id='word_1_56' title='bbox 1141 697 1274 761; x_wconf 90' lang='lat' dir='ltr'>quod</span> <span class='ocrx_word' id='word_1_57' title='bbox 1314 698 1494 762; x_wconf 83' lang='lat' dir='ltr'>ellipsis</span> <span class='ocrx_word' id='word_1_58' title='bbox 1532 699 1583 747; x_wconf 91' lang='lat' dir='ltr'>in</span> 
     </span>
     <span class='ocr_line' id='line_1_16' title="bbox 193 773 1584 839; baseline 0.001 -17"><span class='ocrx_word' id='word_1_59' title='bbox 193 773 467 834; x_wconf 78' lang='lat' dir='ltr'>horizonte,</span> <span class='ocrx_word' id='word_1_60' title='bbox 498 789 588 838; x_wconf 92' lang='lat' dir='ltr'>per</span> <span class='ocrx_word' id='word_1_61' title='bbox 618 780 833 822; x_wconf 82' lang='lat' dir='ltr'>erectam</span> <span class='ocrx_word' id='word_1_62' title='bbox 868 773 1086 822; x_wconf 90' lang='lat' dir='ltr'>tabulam</span> <span class='ocrx_word' id='word_1_63' title='bbox 1124 774 1418 838; x_wconf 89' lang='lat' dir='ltr'>diaphanam</span> <span class='ocrx_word' id='word_1_64' title='bbox 1450 791 1584 839; x_wconf 91' lang='lat' dir='ltr'>spec-</span> 
     </span>
     <span class='ocr_line' id='line_1_17' title="bbox 198 848 1516 914; baseline 0 -15"><span class='ocrx_word' id='word_1_65' title='bbox 198 857 318 910; x_wconf 86' lang='lat' dir='ltr'>tata,</span> <span class='ocrx_word' id='word_1_66' title='bbox 342 848 394 899; x_wconf 89' lang='lat' dir='ltr'>in</span> <span class='ocrx_word' id='word_1_67' title='bbox 417 867 516 898; x_wconf 88' lang='lat' dir='ltr'>una</span> <span class='ocrx_word' id='word_1_68' title='bbox 539 850 643 898; x_wconf 90' lang='lat' dir='ltr'>sola</span> <span class='ocrx_word' id='word_1_69' title='bbox 666 850 797 898; x_wconf 92' lang='lat' dir='ltr'>oculi</span> <span class='ocrx_word' id='word_1_70' title='bbox 818 850 1062 914; x_wconf 90' lang='lat' dir='ltr'>positione</span> <span class='ocrx_word' id='word_1_71' title='bbox 1079 850 1274 899; x_wconf 91' lang='lat' dir='ltr'>videtur</span> <span class='ocrx_word' id='word_1_72' title='bbox 1293 851 1516 899; x_wconf 87' lang='lat' dir='ltr'>circulus.</span> 
     </span>
    </p>

    <p class='ocr_par' dir='ltr' id='par_1_7' title="bbox 184 925 1853 1294">
     <span class='ocr_line' id='line_1_18' title="bbox 264 925 1844 995; baseline -0.001 -21"><span class='ocrx_word' id='word_1_73' title='bbox 264 932 338 975; x_wconf 88' lang='lat'>10.</span> <span class='ocrx_word' id='word_1_74' title='bbox 377 926 429 974; x_wconf 88' lang='lat' dir='ltr'>Si</span> <span class='ocrx_word' id='word_1_75' title='bbox 468 926 627 989; x_wconf 84' lang='lat' dir='ltr'>figura</span> <span class='ocrx_word' id='word_1_76' title='bbox 660 925 840 990; x_wconf 84' lang='lat' dir='ltr'>objecti</span> <span class='ocrx_word' id='word_1_77' title='bbox 862 926 914 973; x_wconf 93' lang='lat' dir='ltr'>in</span> <span class='ocrx_word' id='word_1_78' title='bbox 949 925 1207 974; x_wconf 91' lang='lat' dir='ltr'>horizonte</span> <span class='ocrx_word' id='word_1_79' title='bbox 1246 927 1409 990; x_wconf 88' lang='lat' dir='ltr'>positi,</span> <span class='ocrx_word' id='word_1_80' title='bbox 1443 943 1580 991; x_wconf 89' lang='lat' dir='ltr'>spec-</span> <span class='ocrx_word' id='word_1_81' title='bbox 1598 941 1844 995; x_wconf 60' lang='lat' dir='ltr'>Parab01a,q31an.</span> 
     </span>
     <span class='ocr_line' id='line_1_19' title="bbox 190 985 1833 1067; baseline 0.005 -18"><span class='ocrx_word' id='word_1_82' title='bbox 190 1002 342 1050; x_wconf 88' lang='lat' dir='ltr'>tanda</span> <span class='ocrx_word' id='word_1_83' title='bbox 362 1018 450 1065; x_wconf 91' lang='lat' dir='ltr'>per</span> <span class='ocrx_word' id='word_1_84' title='bbox 473 1002 691 1050; x_wconf 86' lang='lat' dir='ltr'>tabulam</span> <span class='ocrx_word' id='word_1_85' title='bbox 715 1001 1025 1065; x_wconf 89' lang='lat' dir='ltr'>diaphanam,</span> <span class='ocrx_word' id='word_1_86' title='bbox 1051 1002 1116 1050; x_wconf 88' lang='lat' dir='ltr'>sit</span> <span class='ocrx_word' id='word_1_87' title='bbox 1151 1003 1397 1066; x_wconf 89' lang='lat' dir='ltr'>parabola,</span> <span class='ocrx_word' id='word_1_88' title='bbox 1421 1004 1581 1067; x_wconf 84' lang='lat' dir='ltr'>posita</span> <span class='ocrx_word' id='word_1_89' title='bbox 1598 985 1833 1060; x_wconf 54' lang='lat' dir='ltr'>ffssnffftissss‘ess&#39;ffi</span> 
     </span>
     <span class='ocr_line' id='line_1_20' title="bbox 188 1073 1849 1154; baseline 0.001 -28"><span class='ocrx_word' id='word_1_90' title='bbox 188 1085 352 1127; x_wconf 90' lang='lat' dir='ltr'>autem</span> <span class='ocrx_word' id='word_1_91' title='bbox 375 1078 544 1126; x_wconf 89' lang='lat' dir='ltr'>tabula</span> <span class='ocrx_word' id='word_1_92' title='bbox 579 1077 642 1125; x_wconf 91' lang='lat' dir='ltr'>sit</span> <span class='ocrx_word' id='word_1_93' title='bbox 683 1094 828 1141; x_wconf 90' lang='lat' dir='ltr'>super</span> <span class='ocrx_word' id='word_1_94' title='bbox 858 1078 935 1126; x_wconf 90' lang='lat' dir='ltr'>vel</span> <span class='ocrx_word' id='word_1_95' title='bbox 972 1078 1096 1126; x_wconf 89' lang='lat' dir='ltr'>citra</span> <span class='ocrx_word' id='word_1_96' title='bbox 1128 1079 1296 1126; x_wconf 89' lang='lat' dir='ltr'>basem</span> <span class='ocrx_word' id='word_1_97' title='bbox 1335 1080 1579 1128; x_wconf 87' lang='lat' dir='ltr'>horizonti</span> <span class='ocrx_word' id='word_1_98' title='bbox 1596 1073 1849 1154; x_wconf 37' lang='lat' dir='ltr'>gssffi‘pfflffl&#39;ass-</span> 
     </span>
     <span class='ocr_line' id='line_1_21' title="bbox 187 1154 1853 1219; baseline 0.001 -16"><span class='ocrx_word' id='word_1_99' title='bbox 187 1162 364 1214; x_wconf 85' lang='lat' dir='ltr'>erecta,</span> <span class='ocrx_word' id='word_1_100' title='bbox 390 1154 484 1202; x_wconf 92' lang='lat' dir='ltr'>erit</span> <span class='ocrx_word' id='word_1_101' title='bbox 507 1154 673 1214; x_wconf 87' lang='lat' dir='ltr'>sectio,</span> <span class='ocrx_word' id='word_1_102' title='bbox 698 1154 751 1202; x_wconf 90' lang='lat' dir='ltr'>id</span> <span class='ocrx_word' id='word_1_103' title='bbox 783 1160 856 1202; x_wconf 86' lang='lat' dir='ltr'>est</span> <span class='ocrx_word' id='word_1_104' title='bbox 873 1154 1032 1218; x_wconf 90' lang='lat' dir='ltr'>figura</span> <span class='ocrx_word' id='word_1_105' title='bbox 1054 1154 1107 1202; x_wconf 94' lang='lat' dir='ltr'>in</span> <span class='ocrx_word' id='word_1_106' title='bbox 1130 1154 1299 1203; x_wconf 88' lang='lat' dir='ltr'>tabula</span> <span class='ocrx_word' id='word_1_107' title='bbox 1324 1172 1578 1219; x_wconf 88' lang='lat' dir='ltr'>apparens,</span> <span class='ocrx_word' id='word_1_108' title='bbox 1596 1169 1684 1198; x_wconf 59' lang='lat' dir='ltr'>quam</span> <span class='ocrx_word' id='word_1_109' title='bbox 1696 1161 1853 1200; x_wconf 67' lang='lat' dir='ltr'>hyperbt’le</span> 
     </span>
     <span class='ocr_line' id='line_1_22' title="bbox 184 1230 465 1294; baseline 0.004 -16"><span class='ocrx_word' id='word_1_110' title='bbox 184 1230 465 1294; x_wconf 88' lang='lat' dir='ltr'>hyperbole.</span> 
     </span>
    </p>

    <p class='ocr_par' dir='ltr' id='par_1_8' title="bbox 174 1296 1577 2590">
     <span class='ocr_line' id='line_1_23' title="bbox 253 1296 1577 1372; baseline 0.002 -18"><span class='ocrx_word' id='word_1_111' title='bbox 253 1307 328 1355; x_wconf 88' lang='lat' dir='ltr'>Sit</span> <span class='ocrx_word' id='word_1_112' title='bbox 355 1296 428 1368; x_wconf 91' lang='lat' dir='ltr'>(in</span> <span class='ocrx_word' id='word_1_113' title='bbox 450 1306 533 1370; x_wconf 92' lang='lat' dir='ltr'>fig.</span> <span class='ocrx_word' id='word_1_114' title='bbox 552 1305 604 1368; x_wconf 92' lang='lat'>6)</span> <span class='ocrx_word' id='word_1_115' title='bbox 627 1305 862 1370; x_wconf 88' lang='lat' dir='ltr'>parabola</span> <span class='ocrx_word' id='word_1_116' title='bbox 884 1305 930 1353; x_wconf 92' lang='lat' dir='ltr'>A</span> <span class='ocrx_word' id='word_1_117' title='bbox 948 1306 988 1353; x_wconf 92' lang='lat' dir='ltr'>B</span> <span class='ocrx_word' id='word_1_118' title='bbox 1009 1306 1048 1354; x_wconf 85' lang='lat' dir='ltr'>C</span> <span class='ocrx_word' id='word_1_119' title='bbox 1081 1305 1327 1371; x_wconf 89' lang='lat' dir='ltr'>descripta</span> <span class='ocrx_word' id='word_1_120' title='bbox 1350 1308 1401 1356; x_wconf 91' lang='lat' dir='ltr'>in</span> <span class='ocrx_word' id='word_1_121' title='bbox 1431 1309 1577 1372; x_wconf 90' lang='lat' dir='ltr'>plano</span> 
     </span>
     <span class='ocr_line' id='line_1_24' title="bbox 183 1382 1576 1448; baseline 0.002 -17"><span class='ocrx_word' id='word_1_122' title='bbox 183 1382 467 1442; x_wconf 88' lang='lat' dir='ltr'>horizontis,</span> <span class='ocrx_word' id='word_1_123' title='bbox 493 1383 632 1447; x_wconf 87' lang='lat' dir='ltr'>cujus</span> <span class='ocrx_word' id='word_1_124' title='bbox 666 1391 837 1431; x_wconf 83' lang='lat' dir='ltr'>vertex</span> <span class='ocrx_word' id='word_1_125' title='bbox 873 1382 936 1430; x_wconf 88' lang='lat' dir='ltr'>sit</span> <span class='ocrx_word' id='word_1_126' title='bbox 966 1382 1028 1440; x_wconf 90' lang='lat' dir='ltr'>A,</span> <span class='ocrx_word' id='word_1_127' title='bbox 1051 1383 1180 1431; x_wconf 89' lang='lat' dir='ltr'>basis</span> <span class='ocrx_word' id='word_1_128' title='bbox 1204 1385 1244 1432; x_wconf 91' lang='lat' dir='ltr'><strong>B</strong></span> <span class='ocrx_word' id='word_1_129' title='bbox 1262 1384 1333 1440; x_wconf 84' lang='lat' dir='ltr'>C3</span> <span class='ocrx_word' id='word_1_130' title='bbox 1369 1386 1576 1448; x_wconf 88' lang='lat' dir='ltr'>positus-</span> 
     </span>
     <span class='ocr_line' id='line_1_25' title="bbox 183 1458 1574 1524; baseline 0.002 -17"><span class='ocrx_word' id='word_1_131' title='bbox 183 1475 278 1522; x_wconf 92' lang='lat' dir='ltr'>que</span> <span class='ocrx_word' id='word_1_132' title='bbox 302 1459 366 1508; x_wconf 88' lang='lat' dir='ltr'>sit</span> <span class='ocrx_word' id='word_1_133' title='bbox 380 1459 549 1507; x_wconf 91' lang='lat' dir='ltr'>oculus</span> <span class='ocrx_word' id='word_1_134' title='bbox 572 1459 625 1507; x_wconf 91' lang='lat' dir='ltr'>in</span> <span class='ocrx_word' id='word_1_135' title='bbox 647 1459 703 1507; x_wconf 91' lang='lat' dir='ltr'>E.</span> <span class='ocrx_word' id='word_1_136' title='bbox 765 1459 921 1522; x_wconf 88' lang='lat' dir='ltr'>Super</span> <span class='ocrx_word' id='word_1_137' title='bbox 945 1458 986 1506; x_wconf 94' lang='lat' dir='ltr'>B</span> <span class='ocrx_word' id='word_1_138' title='bbox 1004 1459 1043 1506; x_wconf 83' lang='lat' dir='ltr'>C</span> <span class='ocrx_word' id='word_1_139' title='bbox 1061 1459 1364 1523; x_wconf 84' lang='lat' dir='ltr'>intelligatur</span> <span class='ocrx_word' id='word_1_140' title='bbox 1376 1462 1574 1524; x_wconf 89' lang='lat' dir='ltr'>planum</span> 
     </span>
     <span class='ocr_line' id='line_1_26' title="bbox 183 1535 1571 1599; baseline 0.003 -16"><span class='ocrx_word' id='word_1_141' title='bbox 183 1535 481 1599; x_wconf 91' lang='lat' dir='ltr'>diaphanum</span> <span class='ocrx_word' id='word_1_142' title='bbox 522 1535 622 1584; x_wconf 88' lang='lat' dir='ltr'>sive</span> <span class='ocrx_word' id='word_1_143' title='bbox 666 1535 835 1583; x_wconf 78' lang='lat' dir='ltr'>tabula</span> <span class='ocrx_word' id='word_1_144' title='bbox 879 1536 1348 1599; x_wconf 88' lang='lat' dir='ltr'>perpendiculariter</span> <span class='ocrx_word' id='word_1_145' title='bbox 1395 1547 1571 1598; x_wconf 89' lang='lat' dir='ltr'>erecta,</span> 
     </span>
     <span class='ocr_line' id='line_1_27' title="bbox 183 1612 1573 1676; baseline 0.002 -16"><span class='ocrx_word' id='word_1_146' title='bbox 183 1628 331 1676; x_wconf 91' lang='lat' dir='ltr'>quam</span> <span class='ocrx_word' id='word_1_147' title='bbox 349 1619 482 1660; x_wconf 90' lang='lat' dir='ltr'>secet</span> <span class='ocrx_word' id='word_1_148' title='bbox 497 1612 699 1676; x_wconf 90' lang='lat' dir='ltr'>planum</span> <span class='ocrx_word' id='word_1_149' title='bbox 717 1628 806 1676; x_wconf 91' lang='lat' dir='ltr'>per</span> <span class='ocrx_word' id='word_1_150' title='bbox 824 1613 861 1659; x_wconf 91' lang='lat' dir='ltr'><strong>F</strong></span> <span class='ocrx_word' id='word_1_151' title='bbox 880 1613 924 1660; x_wconf 93' lang='lat' dir='ltr'>D</span> <span class='ocrx_word' id='word_1_152' title='bbox 946 1619 1163 1659; x_wconf 90' lang='lat' dir='ltr'>erectum</span> <span class='ocrx_word' id='word_1_153' title='bbox 1181 1613 1449 1662; x_wconf 87' lang='lat' dir='ltr'>secundum</span> <span class='ocrx_word' id='word_1_154' title='bbox 1468 1631 1573 1663; x_wconf 82' lang='lat' dir='ltr'>rec-</span> 
     </span>
     <span class='ocr_line' id='line_1_28' title="bbox 180 1688 1574 1751; baseline 0.002 -15"><span class='ocrx_word' id='word_1_155' title='bbox 180 1695 283 1736; x_wconf 86' lang='lat' dir='ltr'>tam</span> <span class='ocrx_word' id='word_1_156' title='bbox 318 1689 500 1736; x_wconf 89' lang='lat' dir='ltr'>lineam</span> <span class='ocrx_word' id='word_1_157' title='bbox 531 1689 720 1743; x_wconf 86' lang='lat' dir='ltr'><strong>ADF;</strong></span> <span class='ocrx_word' id='word_1_158' title='bbox 758 1695 806 1736; x_wconf 92' lang='lat' dir='ltr'>et</span> <span class='ocrx_word' id='word_1_159' title='bbox 850 1688 914 1736; x_wconf 82' lang='lat' dir='ltr'>sit</span> <span class='ocrx_word' id='word_1_160' title='bbox 951 1689 1223 1736; x_wconf 90' lang='lat' dir='ltr'>communis</span> <span class='ocrx_word' id='word_1_161' title='bbox 1260 1690 1410 1738; x_wconf 89' lang='lat' dir='ltr'>sectio</span> <span class='ocrx_word' id='word_1_162' title='bbox 1443 1691 1486 1738; x_wconf 96' lang='lat' dir='ltr'>D</span> <span class='ocrx_word' id='word_1_163' title='bbox 1509 1692 1574 1751; x_wconf 93' lang='lat' dir='ltr'>H,</span> 
     </span>
     <span class='ocr_line' id='line_1_29' title="bbox 180 1756 1573 1827; baseline 0.002 -15"><span class='ocrx_word' id='word_1_164' title='bbox 180 1763 311 1812; x_wconf 89' lang='lat' dir='ltr'>unde</span> <span class='ocrx_word' id='word_1_165' title='bbox 335 1756 640 1827; x_wconf 86' lang='lat' dir='ltr'>intelligetur</span> <span class='ocrx_word' id='word_1_166' title='bbox 674 1770 810 1811; x_wconf 88' lang='lat' dir='ltr'>recta</span> <span class='ocrx_word' id='word_1_167' title='bbox 828 1764 871 1811; x_wconf 89' lang='lat' dir='ltr'>G</span> <span class='ocrx_word' id='word_1_168' title='bbox 891 1764 939 1811; x_wconf 94' lang='lat' dir='ltr'>H</span> <span class='ocrx_word' id='word_1_169' title='bbox 970 1779 1075 1811; x_wconf 88' lang='lat' dir='ltr'>esse</span> <span class='ocrx_word' id='word_1_170' title='bbox 1108 1771 1264 1812; x_wconf 85' lang='lat' dir='ltr'>totam</span> <span class='ocrx_word' id='word_1_171' title='bbox 1288 1766 1339 1813; x_wconf 93' lang='lat' dir='ltr'>in</span> <span class='ocrx_word' id='word_1_172' title='bbox 1364 1767 1573 1827; x_wconf 88' lang='lat' dir='ltr'>sublimi,</span> 
     </span>
     <span class='ocr_line' id='line_1_30' title="bbox 181 1839 1572 1906; baseline 0.002 -18"><span class='ocrx_word' id='word_1_173' title='bbox 181 1846 232 1888; x_wconf 95' lang='lat' dir='ltr'>et</span> <span class='ocrx_word' id='word_1_174' title='bbox 270 1847 419 1888; x_wconf 83' lang='lat' dir='ltr'>rectae</span> <span class='ocrx_word' id='word_1_175' title='bbox 442 1840 548 1888; x_wconf 93' lang='lat' dir='ltr'>AD</span> <span class='ocrx_word' id='word_1_176' title='bbox 569 1840 621 1899; x_wconf 89' lang='lat' dir='ltr'>F,</span> <span class='ocrx_word' id='word_1_177' title='bbox 655 1856 763 1903; x_wconf 88' lang='lat' dir='ltr'>quae</span> <span class='ocrx_word' id='word_1_178' title='bbox 788 1846 860 1887; x_wconf 88' lang='lat' dir='ltr'>est</span> <span class='ocrx_word' id='word_1_179' title='bbox 894 1839 945 1887; x_wconf 92' lang='lat' dir='ltr'>in</span> <span class='ocrx_word' id='word_1_180' title='bbox 979 1839 1126 1903; x_wconf 90' lang='lat' dir='ltr'>plano</span> <span class='ocrx_word' id='word_1_181' title='bbox 1149 1841 1434 1900; x_wconf 88' lang='lat' dir='ltr'>horizontis,</span> <span class='ocrx_word' id='word_1_182' title='bbox 1461 1859 1572 1906; x_wconf 93' lang='lat' dir='ltr'>per-</span> 
     </span>
     <span class='ocr_line' id='line_1_31' title="bbox 178 1916 1572 1981; baseline 0.004 -18"><span class='ocrx_word' id='word_1_183' title='bbox 178 1916 562 1979; x_wconf 91' lang='lat' dir='ltr'>pendiculariter</span> <span class='ocrx_word' id='word_1_184' title='bbox 602 1916 955 1964; x_wconf 89' lang='lat' dir='ltr'>imminentem.</span> <span class='ocrx_word' id='word_1_185' title='bbox 1039 1916 1298 1981; x_wconf 88' lang='lat' dir='ltr'>Ductaque</span> <span class='ocrx_word' id='word_1_186' title='bbox 1334 1918 1380 1966; x_wconf 94' lang='lat' dir='ltr'><strong>A</strong></span> <span class='ocrx_word' id='word_1_187' title='bbox 1394 1920 1450 1978; x_wconf 93' lang='lat' dir='ltr'>E,</span> <span class='ocrx_word' id='word_1_188' title='bbox 1493 1936 1572 1968; x_wconf 82' lang='lat' dir='ltr'>su-</span> 
     </span>
     <span class='ocr_line' id='line_1_32' title="bbox 179 1991 1572 2056; baseline 0.003 -16"><span class='ocrx_word' id='word_1_189' title='bbox 179 1999 342 2040; x_wconf 89' lang='lat' dir='ltr'>matur</span> <span class='ocrx_word' id='word_1_190' title='bbox 386 1992 480 2056; x_wconf 90' lang='lat' dir='ltr'>ipsi</span> <span class='ocrx_word' id='word_1_191' title='bbox 520 1992 720 2055; x_wconf 83' lang='lat' dir='ltr'>aequalis</span> <span class='ocrx_word' id='word_1_192' title='bbox 757 1992 797 2039; x_wconf 90' lang='lat' dir='ltr'>E</span> <span class='ocrx_word' id='word_1_193' title='bbox 817 1992 873 2050; x_wconf 95' lang='lat' dir='ltr'>G,</span> <span class='ocrx_word' id='word_1_194' title='bbox 911 1998 960 2040; x_wconf 92' lang='lat' dir='ltr'>et</span> <span class='ocrx_word' id='word_1_195' title='bbox 1002 1991 1151 2040; x_wconf 91' lang='lat' dir='ltr'>ducta</span> <span class='ocrx_word' id='word_1_196' title='bbox 1187 1993 1231 2040; x_wconf 90' lang='lat' dir='ltr'><strong>A</strong></span> <span class='ocrx_word' id='word_1_197' title='bbox 1247 1994 1290 2042; x_wconf 89' lang='lat' dir='ltr'>G</span> <span class='ocrx_word' id='word_1_198' title='bbox 1327 1995 1572 2044; x_wconf 89' lang='lat' dir='ltr'>dividatur</span> 
     </span>
     <span class='ocr_line' id='line_1_33' title="bbox 178 2067 1573 2130; baseline 0.003 -14"><span class='ocrx_word' id='word_1_199' title='bbox 178 2068 401 2117; x_wconf 82' lang='lat' dir='ltr'>bifariam</span> <span class='ocrx_word' id='word_1_200' title='bbox 425 2068 477 2116; x_wconf 92' lang='lat' dir='ltr'>in</span> <span class='ocrx_word' id='word_1_201' title='bbox 502 2069 540 2116; x_wconf 95' lang='lat' dir='ltr'>I.</span> <span class='ocrx_word' id='word_1_202' title='bbox 610 2069 735 2116; x_wconf 92' lang='lat' dir='ltr'>Tum</span> <span class='ocrx_word' id='word_1_203' title='bbox 754 2075 924 2116; x_wconf 86' lang='lat' dir='ltr'>centro</span> <span class='ocrx_word' id='word_1_204' title='bbox 940 2068 979 2127; x_wconf 91' lang='lat' dir='ltr'>I,</span> <span class='ocrx_word' id='word_1_205' title='bbox 995 2067 1251 2117; x_wconf 89' lang='lat' dir='ltr'>intervallo</span> <span class='ocrx_word' id='word_1_206' title='bbox 1277 2070 1298 2118; x_wconf 98' lang='lat' dir='ltr'>I</span> <span class='ocrx_word' id='word_1_207' title='bbox 1316 2071 1377 2130; x_wconf 94' lang='lat' dir='ltr'>A,</span> <span class='ocrx_word' id='word_1_208' title='bbox 1394 2071 1573 2120; x_wconf 88' lang='lat' dir='ltr'>descri-</span> 
     </span>
     <span class='ocr_line' id='line_1_34' title="bbox 177 2145 1568 2208; baseline 0.004 -16"><span class='ocrx_word' id='word_1_209' title='bbox 177 2145 324 2193; x_wconf 90' lang='lat' dir='ltr'>batur</span> <span class='ocrx_word' id='word_1_210' title='bbox 347 2145 559 2193; x_wconf 85' lang='lat' dir='ltr'>circulus</span> <span class='ocrx_word' id='word_1_211' title='bbox 583 2145 628 2192; x_wconf 91' lang='lat' dir='ltr'><strong>A</strong></span> <span class='ocrx_word' id='word_1_212' title='bbox 644 2145 689 2192; x_wconf 94' lang='lat' dir='ltr'><strong>K</strong></span> <span class='ocrx_word' id='word_1_213' title='bbox 709 2145 766 2202; x_wconf 90' lang='lat' dir='ltr'>G,</span> <span class='ocrx_word' id='word_1_214' title='bbox 792 2145 930 2208; x_wconf 91' lang='lat' dir='ltr'>cujus</span> <span class='ocrx_word' id='word_1_215' title='bbox 960 2152 1198 2208; x_wconf 90' lang='lat' dir='ltr'>punctum</span> <span class='ocrx_word' id='word_1_216' title='bbox 1221 2147 1267 2194; x_wconf 94' lang='lat' dir='ltr'><strong>A</strong></span> <span class='ocrx_word' id='word_1_217' title='bbox 1290 2148 1384 2196; x_wconf 86' lang='lat' dir='ltr'>erit</span> <span class='ocrx_word' id='word_1_218' title='bbox 1407 2148 1458 2196; x_wconf 93' lang='lat' dir='ltr'>in</span> <span class='ocrx_word' id='word_1_219' title='bbox 1481 2149 1568 2197; x_wconf 92' lang='lat' dir='ltr'>ho-</span> 
     </span>
     <span class='ocr_line' id='line_1_35' title="bbox 176 2220 1571 2287; baseline 0.004 -18"><span class='ocrx_word' id='word_1_220' title='bbox 176 2221 384 2280; x_wconf 89' lang='lat' dir='ltr'>rizonte,</span> <span class='ocrx_word' id='word_1_221' title='bbox 410 2220 496 2269; x_wconf 87' lang='lat' dir='ltr'>sed</span> <span class='ocrx_word' id='word_1_222' title='bbox 531 2227 770 2284; x_wconf 89' lang='lat' dir='ltr'>punctum</span> <span class='ocrx_word' id='word_1_223' title='bbox 805 2221 847 2269; x_wconf 89' lang='lat' dir='ltr'><strong>G</strong></span> <span class='ocrx_word' id='word_1_224' title='bbox 885 2229 934 2268; x_wconf 86' lang='lat' dir='ltr'>et</span> <span class='ocrx_word' id='word_1_225' title='bbox 978 2228 1156 2270; x_wconf 89' lang='lat' dir='ltr'>caetera</span> <span class='ocrx_word' id='word_1_226' title='bbox 1185 2231 1368 2287; x_wconf 89' lang='lat' dir='ltr'>puncta</span> <span class='ocrx_word' id='word_1_227' title='bbox 1407 2227 1571 2274; x_wconf 89' lang='lat' dir='ltr'>omnia</span> 
     </span>
     <span class='ocr_line' id='line_1_36' title="bbox 177 2297 1570 2358; baseline 0.004 -13"><span class='ocrx_word' id='word_1_228' title='bbox 177 2305 322 2347; x_wconf 91' lang='lat' dir='ltr'>erunt</span> <span class='ocrx_word' id='word_1_229' title='bbox 354 2298 407 2346; x_wconf 92' lang='lat' dir='ltr'>in</span> <span class='ocrx_word' id='word_1_230' title='bbox 442 2297 651 2346; x_wconf 88' lang='lat' dir='ltr'>sublimi.</span> <span class='ocrx_word' id='word_1_231' title='bbox 723 2297 815 2345; x_wconf 91' lang='lat' dir='ltr'>His</span> <span class='ocrx_word' id='word_1_232' title='bbox 840 2299 1150 2358; x_wconf 88' lang='lat' dir='ltr'>constructis,</span> <span class='ocrx_word' id='word_1_233' title='bbox 1176 2300 1271 2348; x_wconf 91' lang='lat' dir='ltr'>erit</span> <span class='ocrx_word' id='word_1_234' title='bbox 1301 2301 1341 2348; x_wconf 91' lang='lat' dir='ltr'><strong>A</strong></span> <span class='ocrx_word' id='word_1_235' title='bbox 1361 2302 1401 2348; x_wconf 90' lang='lat' dir='ltr'>E</span> <span class='ocrx_word' id='word_1_236' title='bbox 1418 2302 1460 2349; x_wconf 89' lang='lat' dir='ltr'>G</span> <span class='ocrx_word' id='word_1_237' title='bbox 1483 2303 1570 2350; x_wconf 86' lang='lat' dir='ltr'>tri-</span> 
     </span>
     <span class='ocr_line' id='line_1_37' title="bbox 175 2373 1566 2438; baseline 0.002 -15"><span class='ocrx_word' id='word_1_238' title='bbox 175 2374 410 2438; x_wconf 90' lang='lat' dir='ltr'>angulum</span> <span class='ocrx_word' id='word_1_239' title='bbox 451 2374 596 2438; x_wconf 92' lang='lat' dir='ltr'>plano</span> <span class='ocrx_word' id='word_1_240' title='bbox 633 2373 903 2422; x_wconf 87' lang='lat' dir='ltr'>horizontis</span> <span class='ocrx_word' id='word_1_241' title='bbox 941 2381 1174 2435; x_wconf 89' lang='lat' dir='ltr'>erectum,</span> <span class='ocrx_word' id='word_1_242' title='bbox 1222 2384 1272 2424; x_wconf 91' lang='lat' dir='ltr'>et</span> <span class='ocrx_word' id='word_1_243' title='bbox 1311 2377 1357 2425; x_wconf 94' lang='lat' dir='ltr'><strong>A</strong></span> <span class='ocrx_word' id='word_1_244' title='bbox 1374 2378 1430 2436; x_wconf 90' lang='lat' dir='ltr'>E,</span> <span class='ocrx_word' id='word_1_245' title='bbox 1462 2379 1502 2426; x_wconf 90' lang='lat' dir='ltr'><strong>E</strong></span> <span class='ocrx_word' id='word_1_246' title='bbox 1523 2379 1566 2426; x_wconf 89' lang='lat' dir='ltr'>G</span> 
     </span>
     <span class='ocr_line' id='line_1_38' title="bbox 176 2451 1569 2519; baseline 0.003 -20"><span class='ocrx_word' id='word_1_247' title='bbox 176 2467 321 2499; x_wconf 89' lang='lat' dir='ltr'>crura</span> <span class='ocrx_word' id='word_1_248' title='bbox 356 2452 495 2515; x_wconf 92' lang='lat' dir='ltr'>ejus;</span> <span class='ocrx_word' id='word_1_249' title='bbox 532 2452 689 2515; x_wconf 89' lang='lat' dir='ltr'>ipsum</span> <span class='ocrx_word' id='word_1_250' title='bbox 733 2458 899 2499; x_wconf 89' lang='lat' dir='ltr'>autem</span> <span class='ocrx_word' id='word_1_251' title='bbox 939 2451 1239 2515; x_wconf 88' lang='lat' dir='ltr'>triangulum</span> <span class='ocrx_word' id='word_1_252' title='bbox 1275 2453 1458 2502; x_wconf 90' lang='lat' dir='ltr'>dividet</span> <span class='ocrx_word' id='word_1_253' title='bbox 1481 2471 1569 2519; x_wconf 91' lang='lat' dir='ltr'>per</span> 
     </span>
     <span class='ocr_line' id='line_1_39' title="bbox 174 2527 1567 2590; baseline 0.002 -14"><span class='ocrx_word' id='word_1_254' title='bbox 174 2543 326 2576; x_wconf 85' lang='lat' dir='ltr'>axem</span> <span class='ocrx_word' id='word_1_255' title='bbox 360 2543 540 2576; x_wconf 92' lang='lat' dir='ltr'>conum</span> <span class='ocrx_word' id='word_1_256' title='bbox 572 2527 822 2586; x_wconf 90' lang='lat' dir='ltr'>visualem,</span> <span class='ocrx_word' id='word_1_257' title='bbox 855 2527 993 2590; x_wconf 89' lang='lat' dir='ltr'>cujus</span> <span class='ocrx_word' id='word_1_258' title='bbox 1027 2535 1197 2576; x_wconf 88' lang='lat' dir='ltr'>vertex</span> <span class='ocrx_word' id='word_1_259' title='bbox 1220 2535 1294 2577; x_wconf 87' lang='lat' dir='ltr'>est</span> <span class='ocrx_word' id='word_1_260' title='bbox 1316 2530 1357 2576; x_wconf 90' lang='lat' dir='ltr'><strong>E</strong></span> <span class='ocrx_word' id='word_1_261' title='bbox 1381 2530 1432 2578; x_wconf 93' lang='lat' dir='ltr'>in</span> <span class='ocrx_word' id='word_1_262' title='bbox 1456 2532 1567 2579; x_wconf 90' lang='lat' dir='ltr'>sub-</span> 
     </span>
    </p>

    <p class='ocr_par' dir='ltr' id='par_1_9' title="bbox 173 2603 1565 2899">
     <span class='ocr_line' id='line_1_40' title="bbox 173 2603 1565 2669; baseline 0.002 -17"><span class='ocrx_word' id='word_1_263' title='bbox 173 2603 292 2664; x_wconf 90' lang='lat' dir='ltr'>limi,</span> <span class='ocrx_word' id='word_1_264' title='bbox 326 2620 503 2669; x_wconf 88' lang='lat' dir='ltr'>nempe</span> <span class='ocrx_word' id='word_1_265' title='bbox 537 2605 590 2652; x_wconf 93' lang='lat' dir='ltr'>in</span> <span class='ocrx_word' id='word_1_266' title='bbox 625 2604 783 2662; x_wconf 92' lang='lat' dir='ltr'>oculo,</span> <span class='ocrx_word' id='word_1_267' title='bbox 807 2603 936 2652; x_wconf 87' lang='lat' dir='ltr'>basis</span> <span class='ocrx_word' id='word_1_268' title='bbox 968 2610 1133 2652; x_wconf 89' lang='lat' dir='ltr'>autem</span> <span class='ocrx_word' id='word_1_269' title='bbox 1158 2605 1367 2655; x_wconf 90' lang='lat' dir='ltr'>circulus</span> <span class='ocrx_word' id='word_1_270' title='bbox 1386 2607 1432 2654; x_wconf 95' lang='lat' dir='ltr'><strong>A</strong></span> <span class='ocrx_word' id='word_1_271' title='bbox 1447 2608 1493 2655; x_wconf 93' lang='lat' dir='ltr'><strong>K</strong></span> <span class='ocrx_word' id='word_1_272' title='bbox 1509 2607 1565 2666; x_wconf 92' lang='lat' dir='ltr'>G,</span> 
     </span>
     <span class='ocr_line' id='line_1_41' title="bbox 174 2680 1565 2748; baseline 0.002 -19"><span class='ocrx_word' id='word_1_273' title='bbox 174 2681 377 2745; x_wconf 87' lang='lat' dir='ltr'>axisque</span> <span class='ocrx_word' id='word_1_274' title='bbox 412 2681 659 2745; x_wconf 83' lang='lat' dir='ltr'>parabolae</span> <span class='ocrx_word' id='word_1_275' title='bbox 683 2681 730 2728; x_wconf 94' lang='lat' dir='ltr'><strong>A</strong></span> <span class='ocrx_word' id='word_1_276' title='bbox 745 2681 789 2728; x_wconf 94' lang='lat' dir='ltr'>D</span> <span class='ocrx_word' id='word_1_277' title='bbox 814 2680 1067 2744; x_wconf 88' lang='lat' dir='ltr'>apparebit</span> <span class='ocrx_word' id='word_1_278' title='bbox 1090 2680 1141 2728; x_wconf 93' lang='lat' dir='ltr'>in</span> <span class='ocrx_word' id='word_1_279' title='bbox 1163 2681 1310 2745; x_wconf 91' lang='lat' dir='ltr'>plano</span> <span class='ocrx_word' id='word_1_280' title='bbox 1333 2683 1565 2748; x_wconf 91' lang='lat' dir='ltr'>trianguli</span> 
     </span>
     <span class='ocr_line' id='line_1_42' title="bbox 173 2756 1565 2824; baseline 0.004 -20"><span class='ocrx_word' id='word_1_281' title='bbox 173 2756 220 2804; x_wconf 92' lang='lat' dir='ltr'><strong>A</strong></span> <span class='ocrx_word' id='word_1_282' title='bbox 234 2757 274 2804; x_wconf 93' lang='lat' dir='ltr'><strong>E</strong></span> <span class='ocrx_word' id='word_1_283' title='bbox 295 2757 337 2806; x_wconf 94' lang='lat' dir='ltr'>G</span> <span class='ocrx_word' id='word_1_284' title='bbox 358 2757 618 2821; x_wconf 88' lang='lat' dir='ltr'>parallelus</span> <span class='ocrx_word' id='word_1_285' title='bbox 632 2757 774 2805; x_wconf 90' lang='lat' dir='ltr'>lateri</span> <span class='ocrx_word' id='word_1_286' title='bbox 799 2757 836 2803; x_wconf 87' lang='lat' dir='ltr'><strong>F</strong></span> <span class='ocrx_word' id='word_1_287' title='bbox 851 2756 907 2804; x_wconf 91' lang='lat' dir='ltr'>G.</span> <span class='ocrx_word' id='word_1_288' title='bbox 967 2757 1203 2806; x_wconf 89' lang='lat' dir='ltr'>Parabola</span> <span class='ocrx_word' id='word_1_289' title='bbox 1227 2758 1436 2824; x_wconf 91' lang='lat' dir='ltr'>denique</span> <span class='ocrx_word' id='word_1_290' title='bbox 1460 2767 1565 2809; x_wconf 86' lang='lat' dir='ltr'>tota</span> 
     </span>
     <span class='ocr_line' id='line_1_43' title="bbox 173 2833 1562 2899; baseline 0.004 -19"><span class='ocrx_word' id='word_1_291' title='bbox 173 2834 428 2897; x_wconf 87' lang='lat' dir='ltr'>apparebit</span> <span class='ocrx_word' id='word_1_292' title='bbox 465 2834 517 2882; x_wconf 90' lang='lat' dir='ltr'>in</span> <span class='ocrx_word' id='word_1_293' title='bbox 554 2834 682 2882; x_wconf 89' lang='lat' dir='ltr'>iHius</span> <span class='ocrx_word' id='word_1_294' title='bbox 724 2833 834 2881; x_wconf 91' lang='lat' dir='ltr'>coni</span> <span class='ocrx_word' id='word_1_295' title='bbox 872 2833 1141 2895; x_wconf 90' lang='lat' dir='ltr'>superficie.</span> <span class='ocrx_word' id='word_1_296' title='bbox 1209 2834 1239 2882; x_wconf 90' lang='lat' dir='ltr'><strong>J</strong></span> <span class='ocrx_word' id='word_1_297' title='bbox 1242 2851 1320 2883; x_wconf 90' lang='lat' dir='ltr'>am</span> <span class='ocrx_word' id='word_1_298' title='bbox 1363 2836 1562 2899; x_wconf 91' lang='lat' dir='ltr'>planum</span> 
     </span>
    </p>
   </div>
   <div class='ocr_carea' id='block_1_5' title="bbox 172 2909 1564 2976">
    <p class='ocr_par' dir='ltr' id='par_1_10' title="bbox 172 2909 1564 2976">
     <span class='ocr_line' id='line_1_44' title="bbox 172 2909 1564 2976; baseline 0.004 -19"><span class='ocrx_word' id='word_1_299' title='bbox 172 2909 210 2958; x_wconf 92' lang='lat' dir='ltr'><strong>F</strong></span> <span class='ocrx_word' id='word_1_300' title='bbox 226 2910 275 2957; x_wconf 94' lang='lat' dir='ltr'>H</span> <span class='ocrx_word' id='word_1_301' title='bbox 297 2916 431 2959; x_wconf 89' lang='lat' dir='ltr'>secat</span> <span class='ocrx_word' id='word_1_302' title='bbox 453 2910 499 2958; x_wconf 95' lang='lat' dir='ltr'><strong>A</strong></span> <span class='ocrx_word' id='word_1_303' title='bbox 515 2911 555 2959; x_wconf 86' lang='lat' dir='ltr'><strong>E</strong></span> <span class='ocrx_word' id='word_1_304' title='bbox 588 2910 796 2959; x_wconf 89' lang='lat' dir='ltr'>alterum</span> <span class='ocrx_word' id='word_1_305' title='bbox 831 2909 957 2957; x_wconf 88' lang='lat' dir='ltr'>latus</span> <span class='ocrx_word' id='word_1_306' title='bbox 982 2909 1215 2974; x_wconf 86' lang='lat' dir='ltr'>trianguli</span> <span class='ocrx_word' id='word_1_307' title='bbox 1237 2927 1326 2976; x_wconf 91' lang='lat' dir='ltr'>per</span> <span class='ocrx_word' id='word_1_308' title='bbox 1349 2928 1488 2971; x_wconf 83' lang='lat' dir='ltr'>axem</span> <span class='ocrx_word' id='word_1_309' title='bbox 1512 2914 1564 2971; x_wconf 76' lang='lat' dir='ltr'>in</span> 
     </span>
    </p>
   </div>
  </div>
 </body>
</html>
