2020 3262
257 297 330 331 DE
357 297 549 332 CAUSIs
577 294 880 331 elvlTA'rEM
904 295 1397 329 DISSOLVENTIBUS.
1434 286 1523 329 291

154 406 454 456 concessisti.
487 405 766 454 Dominium
784 420 900 469 ergo
915 411 965 452 et
978 404 1277 469 proprietas
1293 411 1380 451 tua
1396 410 1535 451 tanta

6 457 15 524 ἶ
119 541 122 545 ’
156 489 235 531 est
257 489 308 531 et
328 482 515 531 tamdiu
543 481 701 540 durat,
725 486 907 544 quanta
943 486 992 528 et
1028 479 1258 543 quamdiu
1286 479 1391 542 ipsa
1412 479 1532 526 vult.

159 557 298 607 Sicut
319 558 371 606 in
391 557 589 617 familia,
624 556 833 605 filiorum
861 555 1162 619 singulorum
1176 554 1400 620 propria
1425 561 1538 601 sunt

157 633 304 693 bona,
351 649 460 698 quae
506 639 556 681 et
600 632 831 697 quamdiu
869 631 974 679 vult
1017 638 1170 695 pater.
1241 629 1339 678 Sed
1384 629 1538 677 multo

157 709 372 758 maxima
414 724 527 772 pars
570 708 837 766 hominum,
877 707 961 770 qui
995 706 1304 770 prudentiam
1349 705 1541 753 civilem

157 785 466 850 profitentur,
502 784 741 838 rationem
785 782 926 831 aliter
971 782 1221 846 colligunt.
1289 780 1540 844 AEquales,

158 860 403 924 inquiunt,
426 867 602 908 natura
622 875 819 914 sumus;
854 858 989 907 nulla
1007 874 1152 907 causa
1166 864 1240 906 est
1262 872 1412 921 quare
1435 856 1541 919 quis

159 952 266 985 rem
287 951 447 984 meam
468 935 590 983 mihi
612 935 811 983 meliore
830 936 940 998 jure
963 934 1166 993 auferat,
1191 950 1336 997 quam
1358 948 1449 996 ego
1472 931 1543 979 illi

58 1032 72 1044 ν
155 1027 325 1067 suam3
373 1011 551 1060 scimus
589 1011 653 1059 ad
698 1010 1026 1059 defensionem
1057 1009 1302 1074 publicam
1336 1007 1545 1073 pecunia

157 1087 420 1151 aliquando
443 1102 566 1151 opus
606 1102 708 1135 esse
730 1108 741 1142 ;
779 1086 866 1134 sed
905 1087 989 1148 qui
1026 1102 1133 1134 eam
1168 1084 1385 1149 exigunt,
1423 1099 1543 1147 opus

155 1179 265 1212 esse
287 1169 576 1222 monstrent,
615 1170 664 1210 et
687 1179 718 1211 a
739 1162 1012 1214 volentibus
1049 1161 1303 1225 accipient.
1373 1159 1545 1208 Nesci-

155 1246 264 1298 unt,
288 1235 373 1303 qui
400 1238 469 1287 sic
492 1237 774 1302 loquuntur,
799 1254 856 1286 ea
880 1254 988 1301 quae
1022 1237 1129 1285 fieri
1151 1237 1337 1296 volunt,
1357 1237 1460 1300 jam
1483 1236 1544 1283 ab

155 1314 297 1363 initio
341 1315 394 1362 in
438 1314 544 1377 ipsa
588 1314 797 1362 civitatis
843 1314 1192 1362 constitutione
1237 1312 1368 1361 facta
1410 1328 1543 1367 esse;

155 1389 369 1454 ideoque
390 1390 647 1455 loquentes
663 1398 898 1454 tanquam
921 1391 972 1438 in
986 1389 1298 1438 multitudine
1314 1388 1545 1436 dissoluta

156 1473 212 1515 et
233 1466 454 1515 nondum
471 1466 603 1515 facta
625 1467 838 1526 civitate,
855 1466 1037 1514 factam
1060 1465 1344 1513 dissolvunt.

1571 427 1700 462 SECT.
1719 425 1789 459 111.

1658 479 1709 510 12.

223 1547 271 1591 8.
308 1534 494 1591 Ultimo
516 1542 643 1602 loco,
667 1543 893 1606 regimini
926 1542 1058 1590 civili
1092 1541 1393 1599 adversatur,
1415 1555 1540 1603 prae-
1561 1554 1782 1583 Adseditionem

155 1618 329 1666 sertim
365 1634 481 1667 vero
516 1619 844 1677 monarchico,
874 1617 1006 1681 quod
1040 1617 1262 1665 homines
1296 1632 1397 1664 non
1428 1615 1545 1663 satis

154 1693 459 1758 distinguant
470 1694 601 1742 inter
605 1694 848 1760 populum
856 1700 906 1741 et
918 1693 1290 1741 multitudinem.
1323 1690 1546 1756 Populus

154 1777 233 1819 est
250 1787 394 1818 unum
412 1770 546 1833 quid,
564 1787 709 1818 unam
721 1770 907 1818 habens
925 1768 1236 1826 voluntatem,
1251 1774 1302 1815 et
1319 1767 1397 1814 cui
1416 1766 1544 1814 actio

156 1844 257 1894 ana
280 1845 483 1894 attribui
505 1846 674 1909 possit.
728 1845 931 1893 Nullum
953 1844 1128 1892 horum
1153 1843 1212 1891 de
1235 1842 1544 1890 multitudine

155 1921 257 1970 dici
277 1927 457 1985 potest.
510 1920 733 1986 Populus
750 1921 801 1968 in
825 1920 957 1968 omni
976 1919 1171 1967 civitate
1194 1925 1396 1982 regnat3
1431 1933 1544 1966 nam

30 2033 32 2035 μ
98 2056 102 2062 .
156 1997 282 2046 etin
318 1996 619 2045 monarchiis
632 1996 855 2061 populu-s·
879 1997 1116 2059 imperat;
1154 1995 1260 2042 vult
1292 1994 1421 2042 enim
1446 2010 1544 2058 po-

150 2071 306 2137 pulus
343 2087 431 2136 per
463 2071 762 2120 voluntatem
796 2071 940 2119 unius
977 2070 1198 2118 hominio.
1267 2068 1545 2117 Multitudo

157 2164 274 2197 vero
305 2148 435 2197 cives
472 2156 602 2206 sunt,
641 2149 734 2196 hoc
774 2156 849 2196 est
886 2147 1081 2196 subditi.
1155 2148 1212 2194 In
1237 2145 1546 2195 democratia

157 2230 210 2272 et
245 2223 594 2283 aristocratia,
625 2223 754 2271 cives
791 2231 906 2271 sunt
943 2223 1203 2271 multitudo
1223 2241 1241 2278 ;
1278 2222 1364 2270 sed
1404 2222 1547 2270 curia

1562 1599 1695 1636 disponit,
1702 1599 1813 1626 nescire

1563 1642 1755 1670 differentiam

1562 1686 1638 1714 inter
1649 1685 1789 1723 populum

1563 1733 1592 1758 et
1601 1729 1825 1757 multitudmem

156 2305 234 2347 est
246 2298 486 2365 populus.
554 2299 617 2346 Et
639 2299 691 2346 in
714 2298 1017 2357 monarchia,
1042 2298 1223 2346 subditi
1247 2305 1360 2346 sunt
1383 2297 1564 2345 multi-.

150 2374 296 2434 tudo,
311 2382 377 2435 et,
393 2390 687 2438 quamquam
701 2374 1010 2438 paradoxum
1030 2374 1106 2431 sit,
1123 2390 1216 2422 rex
1231 2382 1304 2422 est
1308 2373 1546 2439 populus.

159 2450 349 2515 Vulgus
371 2450 641 2509 hominum,
671 2457 721 2498 et
752 2450 849 2508 alii,
874 2451 957 2514 qui
979 2451 1084 2498 haec
1119 2450 1190 2498 ita
1224 2466 1327 2498 esse
1350 2449 1547 2497 minime

157 2526 571 2586 animadvertunt,
596 2526 656 2575 de
693 2542 873 2592 magno
903 2542 1101 2574 numero
1136 2526 1390 2574 hominum
1422 2541 1547 2573 sem-

159 2618 248 2666 per
290 2602 561 2667 loquuntur
597 2610 832 2666 tanquam
872 2601 934 2650 de
962 2602 1170 2666 populo,
1216 2602 1310 2650 hoc
1350 2608 1439 2660 est,
1487 2599 1547 2647 de

159 2678 366 2727 civitate
384 2697 402 2726 .·
462 2678 728 2741 dicuntque
774 2677 1033 2726 rebellasse
1078 2677 1330 2725 civitatem
1376 2683 1549 2725 contra

159 2769 346 2820 regem,
382 2754 515 2818 quod
537 2762 611 2803 est
633 2754 958 2818 impossibile;
1000 2761 1050 2801 et
1075 2752 1317 2819 populum
1337 2753 1460 2800 velle
1499 2758 1549 2799 et

161 2829 306 2890 nolle,
326 2830 458 2895 quod
479 2831 651 2879 volunt
674 2838 724 2878 et
746 2830 920 2878 nolunt
942 2829 1133 2878 molesti
1157 2836 1206 2877 et
1237 2828 1547 2876 mussitantes

160 2905 346 2954 subditi
359 2906 448 2954 sub
462 2912 703 2969 praetextu
719 2906 917 2971 populi,
939 2905 1068 2954 cives
1087 2912 1258 2954 contra
1277 2904 1541 2964 civitatem,

1328 2995 1363 3028 U
1380 2995 1400 3026 2
