2020 3262
211 377 340 411 SECT.
361 380 430 412 ΙΙΙ.

309 430 339 460 4.

206 891 289 927 Item,
301 897 411 930 quartae

203 934 273 971 legis
287 938 436 972 naturalis,

203 978 239 1005 de
253 979 415 1009 exhibendo

203 1030 234 1048 se
247 1025 407 1052 commodo:

168 2245 250 2280 Item,
263 2247 373 2284 quiutae

166 2288 237 2326 legis
249 2291 399 2325 naturalis,

166 2332 202 2359 de
214 2333 409 2363 misericordia

473 239 569 283 202
1018 256 1300 292 LlBER'rAS.

473 360 630 422 bonis,
654 380 748 412 non
771 367 971 415 recedet
1000 369 1176 417 malum
1199 371 1262 417 de
1280 370 1419 418 domo
1443 372 1563 434 ejus.
1610 373 1674 422 Et
1697 374 1841 425 Deut.

471 452 551 485 xx.
584 444 766 497 10,11:
804 441 862 489 Si
897 443 1094 506 quando
1135 445 1412 492 accesseris
1446 446 1518 493 ad
1554 463 1844 514 expugnan-

473 512 587 561 dam
621 515 886 574 civitatem,
919 519 1099 579 afferes
1134 520 1183 566 ei
1212 520 1427 583 primum
1443 538 1623 585 pacem
1642 542 1660 571 .·
1696 525 1742 572 si
1771 532 1850 574 re-

471 589 679 652 ceperit,
698 596 748 637 et
771 593 1031 655 aperuerit
1050 593 1143 640 tibi
1157 601 1359 658 portas,
1384 602 1590 644 cunctus
1610 599 1846 662 populus,

469 664 556 728 qui
590 665 641 712 in
674 683 734 713 ea
758 674 850 726 est,
875 667 1155 716 salvabitur
1187 676 1237 717 et
1273 671 1458 718 serviet
1498 671 1591 719 tibi
1626 673 1715 721 sub
1750 675 1845 723 tri-

469 738 599 788 buto.
655 742 793 790 Prov.
813 742 879 790 iii.
899 746 992 790 29:
1030 743 1110 790 Ne
1127 744 1354 792 moliaris
1374 746 1531 794 amico
1550 753 1635 795 tuo
1652 748 1843 809 malum,

469 832 574 863 cum
599 816 687 863 ille
710 818 760 864 in
786 824 834 864 te
857 818 1038 865 habeat
1053 819 1315 880 fiduciam.

516 894 580 946 ’7.
619 893 819 941 Quartae
843 893 903 940 de
917 893 1189 941 exhibendo
1207 912 1262 943 se
1276 897 1543 956 commodo,
1565 899 1841 948 conformia

466 975 579 1015 sunt
598 967 760 1015 divina
794 976 1038 1031 praecepta
1071 970 1191 1017 haec.
1261 971 1414 1019 Exod.
1439 971 1572 1020 xxiii.
1611 978 1658 1032 4,
1685 980 1744 1022 5:
1781 975 1841 1023 Si

464 1043 748 1091 occurreris
782 1043 891 1091 bovi
915 1045 1102 1092 inimici
1127 1046 1200 1092 tui
1236 1053 1324 1093 aut
1358 1047 1500 1094 asino
1524 1048 1735 1108 erranti,
1760 1065 1839 1096 re·-

463 1117 559 1166 duc
583 1119 655 1166 ad
675 1134 794 1166 eum.
867 1119 925 1167 Si
940 1119 1127 1167 videris
1143 1121 1334 1168 asinum
1359 1121 1574 1169 odientis
1600 1129 1648 1170 te
1658 1124 1839 1185 jacere

461 1194 551 1241 sub
592 1211 756 1254 onere,
786 1212 881 1242 non
907 1196 1268 1260 pertransibis,
1292 1197 1386 1243 sed
1415 1196 1695 1246 sublevabis
1729 1214 1837 1247 cum

459 1286 532 1317 eo.
577 1270 699 1317 Vers
717 1275 747 1317 9
769 1289 780 1316 ι
835 1271 1116 1334 Peregrino
1140 1270 1373 1318 molestus
1397 1289 1491 1319 non
1519 1273 1636 1320 eris.
1697 1274 1835 1323 Prov.

458 1346 526 1393 iii.
554 1351 615 1393 30
637 1363 647 1391 :
684 1344 766 1391 Ne
800 1345 1070 1392 contendas
1093 1346 1336 1393 adversus
1359 1346 1833 1411 hominemsrustra,

458 1437 565 1468 cum
605 1420 716 1484 ipse
753 1419 846 1467 tibi
882 1419 1011 1467 nihil
1044 1420 1164 1468 mali
1182 1421 1396 1484 fecerit.
1467 1422 1605 1470 Prov.
1630 1423 1713 1472 xii.
1738 1431 1833 1473 26:

462 1496 560 1551 Qui
583 1494 805 1559 negligit
829 1494 1053 1542 damnum
1067 1502 1288 1559 propter
1311 1496 1531 1554 amicum,
1542 1498 1716 1560 justus
1738 1506 1832 1549 est.

456 1571 596 1618 Prov.
611 1586 690 1626 xv,
714 1573 795 1617 18:
823 1568 868 1615 V
863 1569 910 1616 ir
926 1569 1197 1617 iracundus
1202 1577 1451 1633 provocat
1464 1571 1721 1636 rixas-,qui
1733 1590 1831 1638 pa-

454 1645 584 1693 tiens
602 1651 694 1703 est,
719 1644 923 1708 mitigat
946 1643 1234 1691 suscitatas.
1304 1644 1442 1692 Prov.
1461 1645 1591 1693 xviii.
1607 1653 1669 1694 24
1692 1666 1703 1695 ε
1738 1648 1829 1696 Vir

453 1719 684 1768 amabilis
715 1718 787 1766 ad
814 1719 1116 1777 societatem,
1141 1719 1305 1783 magis
1337 1719 1525 1767 amicus
1548 1721 1662 1780 erit,
1682 1737 1828 1786 quam

433 1797 635 1860 frater.
674 1794 812 1842 Idem
827 1795 1143 1842 confirmatur
1154 1794 1369 1856 (Lue.x.)
1386 1795 1615 1857 parabola
1622 1796 1830 1846 Samari-

452 1872 571 1930 tani,
598 1871 681 1934 qui
697 1871 726 1918 J
728 1870 856 1917 udaei
879 1886 908 1917 a
930 1870 1196 1918 latronibus
1219 1869 1459 1917 vulnerati
1482 1870 1708 1919 misertus
1723 1880 1827 1921 est:

451 1954 502 1994 et
519 1953 766 2009 praecepto
792 1945 986 2003 Christi,
1011 1945 1188 1992 Matth.
1204 1961 1250 1992 v.
1268 1950 1353 1991 39:
1391 1944 1511 2008 Ego
1534 1952 1695 1993 autem
1713 1947 1827 1996 dico

450 2021 603 2077 vobis,
626 2037 722 2068 non
758 2020 997 2067 resistere
1021 2019 1175 2066 malo:
1210 2018 1304 2066 sed
1333 2019 1380 2066 si
1414 2019 1527 2083 quis
1551 2026 1600 2067 te
1615 2037 1826 2084 percus-

449 2088 578 2135 serit
601 2087 651 2134 in
677 2087 906 2134 dextram
929 2085 1184 2133 maxillam
1207 2093 1359 2144 tuam,
1375 2086 1549 2150 praebe
1573 2086 1652 2134 illi
1675 2094 1726 2135 et
1748 2089 1824 2136 al-

449 2169 740 2287 lergmhzss‘·
759 2237 917 2300 legem
958 2236 1176 2299 quintam
1212 2236 1436 2299 probant,
1470 2236 1598 2283 inter
1632 2236 1822 2287 infinita

423 2314 544 2363 :alia
565 2315 674 2362 loca
695 2307 800 2361 haec
816 2319 943 2360 sunt.
989 2312 1170 2359 Matth.
1194 2312 1258 2359 vi.
1290 2317 1363 2370 14,
1393 2315 1469 2358 15.
1511 2310 1569 2358 Si
1595 2311 1820 2360 enimssdi-

444 2389 684 2437 miseritis
725 2387 996 2435 hominibus
1033 2393 1255 2451 peccata
1290 2402 1470 2444 eorum,
1508 2385 1724 2434 dimittet
1769 2395 1820 2435 et

443 2465 579 2513 vobis
610 2470 769 2529 pater
814 2470 978 2511 vester
1020 2462 1238 2510 eoelestis
1271 2467 1492 2526 peccata
1534 2466 1703 2508 vestra
1720 2479 1738 2508 .·
1771 2463 1819 2510 si

443 2548 606 2589 autem
629 2557 722 2588 non
747 2538 1041 2587 dimiseritis
1065 2536 1352 2595 hominibus,
1376 2552 1464 2583 nec
1476 2541 1636 2600 pater
1654 2542 1818 2583 vester

443 2616 660 2665 dimittet
698 2614 833 2662 vobis
856 2620 1078 2679 peccata
1108 2619 1294 2670 vestra,
1330 2617 1422 2658 etc.
1489 2610 1652 2657 Matth
1675 2611 1813 2659 xviii.

440 2698 591 2750 21,22
605 2710 615 2738 :
632 2690 856 2748 Domine,
864 2688 1058 2754 quoties
1068 2687 1307 2752 peccabit
1323 2686 1373 2733 in
1388 2701 1460 2732 me
1465 2684 1652 2748 frater
1666 2701 1813 2746 meus,

441 2774 490 2814 et
514 2766 758 2814 dimittam
796 2765 842 2812 ei
862 2768 889 2812 ,Ξ
924 2780 1077 2828 usque
1113 2761 1300 2827 septies
1321 2763 1349 2808 ,ἒ
1386 2759 1517 2807 Dicit
1539 2759 1610 2806 illi
1641 2760 1810 2810 Jesus:

438 2841 553 2888 Non
577 2841 688 2889 dico
713 2840 806 2887 tibi
839 2855 992 2903 usque
1014 2838 1215 2902 septies,
1233 2835 1327 2883 sed
1346 2851 1498 2899 usque
1519 2837 1815 2900 septuagies

439 2916 625 2980 septies
643 2934 661 2971 ;
697 2916 789 2963 hoe
814 2921 901 2971 est,
921 2914 1064 2961 toties
1086 2911 1288 2975 quoties,
