1994 3276
508 246 579 280 DE
606 245 971 280 NncussARns
998 246 1070 279 AD
1099 247 1372 282 SALUTEM.
1536 242 1633 284 419

237 359 399 419 istam,
423 358 547 407 nihil
581 367 657 407 est
691 358 840 418 aliud,
864 374 1011 422 quam
1046 375 1312 422 agnoscere
1345 377 1449 409 esse
1474 377 1581 409 eam
1605 379 1636 410 a
1677 385 1807 419 SECT,
1829 386 1898 418 111,

237 435 380 484 nobis
414 435 531 499 ipsis
565 435 763 484 factam.
835 434 1059 484 Quorum
1083 434 1214 482 enim
1246 436 1449 483 arbitrio
1479 445 1529 484 et
1563 437 1634 485 lo-
1761 438 1813 468 ¹⁸·

238 511 421 575 quendi
440 511 565 574 lege,
580 527 812 560 numerus
844 537 851 579 1
887 536 894 578 1
927 518 1132 559 vocatus
1158 518 1232 558 est
1254 512 1488 571 binariuS,
1525 524 1531 564 ι
1567 523 1573 564 Ι
1610 523 1616 564 1
1653 529 1920 579 Quidsitfidesfflt

236 587 496 646 ternarius,
523 596 574 635 et
605 598 611 640 1
647 598 654 640 1
692 598 697 640 Ι
735 598 740 639 Ι
777 598 783 639 Ι
817 587 1085 651 quinarius,
1110 603 1280 635 eorum
1312 587 1513 636 arbitrio
1536 588 1633 635 fac·
1652 574 1799 654 {323⁶ss
1813 573 1920 653 §¹1¹3ssssss

237 671 344 711 tum
368 672 457 723 est,
480 670 537 711 ut
559 679 676 711 vera
704 663 767 711 sit
797 662 1099 727 propositio:
1137 662 1365 710 binarius
1390 671 1440 710 et
1466 660 1919 741 terna-{1⁰330232033232’

237 739 348 786 rius
372 738 516 786 simul
540 739 722 802 sumpti
744 738 934 787 faciunt
957 737 1256 802 quinarium.
1329 737 1561 785 Similiter
1596 739 1636 786 si

238 814 603 863 meminerimus
622 815 741 878 quid
760 815 837 874 sit,
857 814 990 879 quod
1007 822 1213 863 vocatur
1216 815 1425 878 furtum
1450 824 1500 863 et
1519 815 1637 878 quid

239 890 446 952 injuria,
487 890 699 938 sciemus
745 907 805 939 ex
850 891 966 954 ipsis
1002 890 1219 949 vocibus,
1261 907 1323 939 an
1364 907 1535 939 verum
1573 891 1636 938 sit

216 965 428 1029 sartum
462 983 573 1014 esse
608 967 860 1029 injuriam,
884 983 1054 1015 necne.
1136 967 1341 1015 Veritas
1376 967 1508 1015 idem
1544 975 1635 1024 est,

238 1042 373 1106 quod
393 1059 516 1090 vera
533 1043 824 1107 propositio
843 1061 862 1099 ;
898 1059 1018 1091 vera
1043 1050 1209 1091 autem
1234 1051 1310 1091 est
1324 1042 1635 1107 propositio,

236 1117 289 1166 in
324 1134 422 1182 qua
456 1135 625 1166 nomen
661 1135 980 1183 consequens,
1007 1118 1140 1182 quod
1173 1125 1378 1167 vocatur
1409 1135 1439 1166 a
1464 1118 1636 1183 logicis

228 1195 582 1260 proedieatum,
614 1194 958 1258 complectitur
991 1194 1315 1258 amplitudine
1350 1211 1437 1243 sua
1465 1211 1635 1242 nomen

237 1269 538 1318 antecedens
562 1270 696 1334 quod
717 1278 922 1319 vocatur
956 1270 1260 1333 szcbjectecm,·
1298 1278 1349 1318 et
1372 1270 1635 1319 veritatem

237 1347 388 1405 seire,
412 1345 543 1394 idem
575 1346 722 1410 quod,
748 1362 853 1394 esse
885 1362 995 1394 eam
1032 1362 1062 1394 a
1100 1347 1346 1394 nobismet
1375 1346 1494 1410 ipsis
1530 1347 1636 1410 ipsa

234 1422 488 1471 nominum
511 1423 830 1486 usurpatione
866 1423 1066 1481 factam,
1099 1422 1389 1470 meminisse.
1460 1423 1635 1486 Neque

235 1506 422 1547 temere
454 1499 571 1547 olim
605 1516 635 1547 a
669 1499 870 1547 Platone
904 1499 1091 1546 dictum
1115 1508 1202 1556 est,
1227 1498 1488 1546 seientiam
1524 1515 1636 1546 esse

235 1575 533 1624 memoriane.
593 1575 788 1623 Accidit
812 1582 979 1622 autem
1003 1574 1267 1631 interdum,
1286 1582 1341 1622 ut
1363 1591 1523 1633 voces,
1542 1574 1636 1622 etsi

235 1659 422 1699 certam
446 1657 497 1698 et
528 1667 589 1698 ex
621 1651 889 1699 constituto
927 1651 1179 1698 definitam
1212 1651 1427 1699 habeant
1451 1650 1635 1714 signifi-

183 1776 192 1788 ,
235 1727 495 1785 cationem,
510 1743 605 1775 usu
625 1735 790 1774 tamen
807 1727 998 1790 vulgari
1013 1726 1077 1774 ad
1095 1726 1370 1775 ornandum
1387 1726 1466 1774 vel
1485 1727 1636 1774 etiam

233 1802 504 1852 fallendum
542 1803 827 1866 particulari
874 1802 1036 1850 studio
1077 1818 1107 1850 a
1145 1802 1356 1866 propriis
1393 1802 1637 1864 significa-

233 1879 448 1928 tionibus
470 1880 542 1927 ita
565 1879 876 1938 divellantur,
897 1887 953 1927 ut
977 1885 1258 1942 conceptus,
1282 1885 1487 1942 propter
1511 1894 1634 1942 quos

233 1956 379 2004 rebus
421 1955 664 2018 impositae
711 1955 926 2013 fuerunt,
974 1970 1206 2002 revocare
1252 1955 1303 2002 in
1345 1954 1634 2002 memoriam

234 2031 574 2079 difficultatem
598 2047 828 2094 magnam
851 2031 1046 2088 habeat,
1072 2046 1230 2093 neque
1254 2029 1350 2078 nisi
1375 2029 1477 2078 acri
1503 2029 1634 2093 judi-

235 2108 312 2156 cio
358 2115 409 2156 et
454 2108 713 2172 diligentia
757 2107 970 2155 maxima
1016 2106 1358 2170 superandam.
1435 2106 1633 2154 Accidit

235 2201 445 2250 quoque,
483 2185 718 2248 plurimas
757 2200 904 2232 voces
944 2183 1129 2231 nullam
1165 2183 1348 2230 habere
1381 2181 1631 2245 propriam

235 2262 337 2310 sive
378 2261 757 2310 determinatam
805 2269 856 2307 et
903 2259 1109 2308 eandem
1155 2260 1338 2322 ubique
1386 2258 1631 2322 significa-

231 2339 434 2398 tionem,
473 2346 622 2402 atque
655 2337 864 2400 intelligi
901 2353 1002 2385 non
1039 2352 1127 2384 sua
1162 2335 1227 2392 vi,
1261 2335 1347 2383 sed
1378 2334 1630 2398 signorum

232 2415 440 2464 aliorum
472 2414 616 2462 simul
650 2413 998 2461 adhibitorum.
1067 2411 1251 2470 Tertio,
1275 2410 1476 2458 nomina
1499 2426 1631 2474 quae-

233 2491 348 2540 dam
385 2498 500 2539 sunt
540 2506 705 2538 rerum
750 2488 1217 2552 inconceptibilium.
1287 2487 1470 2534 Earum
1512 2503 1628 2550 ergo

231 2583 413 2626 rerum,
439 2583 647 2630 quarum
679 2566 784 2629 ipsa
819 2572 933 2613 sunt
967 2565 1182 2623 nomina,
1217 2571 1483 2627 conceptus
1507 2563 1629 2610 nulli

232 2652 362 2693 sunt.
433 2644 496 2691 Et
525 2650 787 2707 propterea
808 2641 1216 2705 propositionum,
1242 2655 1361 2703 quas
1396 2639 1627 2698 conflant,

232 2721 489 2769 veritatem
513 2736 572 2767 ex
596 2719 713 2783 ipsis
738 2718 1017 2766 nominibus
1035 2717 1218 2765 frustra
1243 2715 1520 2779 quaerimus.
1569 2716 1627 2764 In

231 2796 309 2845 his
340 2797 548 2854 casibus,
574 2795 692 2843 dum
728 2793 1083 2842 considerando
1107 2809 1283 2841 vocum
1317 2791 1626 2841 definitiones

233 2873 492 2921 veritatem
509 2871 712 2934 alicujus
730 2869 1078 2934 propositionis
1097 2869 1461 2932 investigamus,
1478 2878 1627 2931 prout

1330 2960 1361 2992 E
1381 2959 1411 2991 E
1438 2957 1457 2986 2
