2020 3262
241 413 370 444 SECT.
393 413 440 444 11.

323 465 370 494 14.

251 510 439 532 b-*r-—d

213 861 288 894 Quae
299 862 356 890 sint
366 871 430 900 quae
440 871 481 890 re-

212 904 333 942 ligiones
356 909 477 934 mutant.

501 270 591 313 128
1014 281 1084 314 DE
1113 281 1353 313 HOMINE.

497 386 734 439 Inusitata
765 392 943 451 omnia,
974 400 1218 455 portenta,
1244 399 1293 439 et
1317 399 1523 450 ostenta,
1549 392 1660 454 quia
1682 391 1762 440 Dii
1783 408 1872 456 per

495 467 578 514 illa
599 467 889 515 videbantur
906 475 1113 515 ventura
1131 466 1401 525 ostendere,
1427 466 1726 514 dicebantur.
1766 467 1869 515 Eti-

495 558 572 589 am
590 542 800 590 sortibus
821 542 1120 590 diversorum
1143 557 1377 605 generum
1404 542 1681 600 utebantur,
1706 541 1757 589 id
1779 550 1868 601 est,

494 618 545 665 in
569 618 791 665 omnibus
817 618 1031 665 fortuitis
1054 618 1303 665 fortunam
1327 633 1463 665 suam
1484 617 1868 680 experiebantur.

495 693 737 741 Caeterum
770 693 1049 741 innumeros
1083 693 1203 740 alios
1241 693 1410 740 modos
1449 692 1774 751 divinationis,
1808 708 1870 740 ne

494 768 701 816 stultitia
722 768 973 817 hominum
996 768 1139 815 nimis
1164 768 1247 815 diu
1270 768 1512 826 immorer,
1536 775 1790 831 praetereo.

568 849 642 892 13.
681 843 803 897 Quae
838 843 1096 906 religiones
1120 850 1311 890 mutant
1336 843 1444 890 duae
1470 843 1625 890 solent
1648 858 1751 890 esse
1773 858 1869 900 res,

494 920 650 966 ambae
687 918 738 965 in
766 918 1125 972 sacerdotibus;
1163 918 1392 980 dogmata
1423 917 1648 976 absurda,
1683 925 1733 965 et
1760 917 1871 965 reli-

492 994 640 1057 gioni,
674 1010 818 1057 quam
855 994 1048 1052 docent,
1078 994 1309 1040 contrarii
1333 1009 1506 1041 mores.
1575 994 1872 1040 Erraverunt

494 1070 622 1117 enim
667 1070 886 1117 homines
927 1069 1192 1133 prudentes
1234 1069 1449 1116 ecclesiae
1490 1069 1724 1116 Romanae
1761 1083 1872 1115 cum

492 1145 627 1208 vulgi
650 1145 927 1208 ignorantia
961 1161 1018 1192 eo
1053 1161 1205 1207 usque
1238 1145 1373 1191 abuti
1405 1160 1455 1191 se
1487 1160 1628 1207 posse
1665 1143 1872 1190 arbitra-

492 1220 688 1279 bantur,
709 1229 764 1267 ut
788 1227 1038 1283 sperarent
1054 1220 1242 1267 efficere
1262 1235 1311 1266 se
1330 1235 1470 1281 posse
1488 1225 1544 1265 ut
1561 1218 1725 1274 verba,
1745 1218 1872 1265 inter

494 1311 545 1342 se
567 1295 848 1358 pugnantia,
868 1311 967 1341 non
990 1294 1136 1341 modo
1162 1301 1277 1341 tunc
1298 1294 1383 1340 sed
1401 1309 1589 1355 semper
1606 1292 1752 1355 vulgo
1768 1307 1872 1340 cre-

495 1370 742 1417 derentur.
812 1369 1050 1416 Paulatim
1074 1369 1293 1416 eruditur
1315 1369 1504 1432 vulgus,
1531 1376 1579 1416 et
1596 1369 1871 1424 verborum,

494 1445 667 1506 quibus
689 1444 859 1502 utitur,
883 1444 1080 1490 tandem
1103 1443 1360 1505 aliquando
1384 1444 1483 1490 vim
1507 1442 1751 1505 intelligit.
1797 1442 1871 1489 Ex

493 1535 588 1582 quo
612 1520 683 1577 fit,
707 1525 763 1566 ut
789 1535 900 1566 cum
924 1518 1145 1565 doctores
1169 1518 1414 1580 religionis
1438 1534 1510 1574 ea,
1536 1534 1644 1580 quae
1666 1533 1766 1564 non
1791 1533 1872 1564 co-

491 1594 682 1642 haerent
705 1593 833 1641 inter
858 1610 924 1651 se,
949 1610 1049 1640 non
1072 1593 1217 1640 modo
1241 1593 1370 1656 ipsos
1393 1593 1527 1655 loqui
1549 1592 1761 1651 videant,
1786 1591 1873 1640 sed

494 1670 642 1717 etiam
660 1670 777 1717 alios
797 1669 867 1716 ita
884 1669 1017 1732 loqui
1041 1669 1264 1732 religiose
1283 1669 1469 1731 jubere,
1493 1668 1635 1730 proni
1653 1667 1749 1715 sint
1767 1674 1871 1714 tum

491 1746 621 1808 ipsos
646 1752 957 1793 contemnere
974 1753 1031 1792 ut
1053 1745 1348 1807 ignorantes,
1369 1750 1475 1790 tum
1505 1743 1658 1805 ipsam
1679 1742 1874 1805 religio-

491 1838 604 1869 nem
627 1827 683 1868 ut
708 1820 881 1868 falsam
914 1819 1161 1882 suspicari,
1193 1826 1243 1866 et
1279 1835 1385 1866 eam
1409 1830 1494 1865 aut
1526 1818 1766 1880 corrigere
1789 1824 1874 1864 aut

492 1897 666 1959 ejicere
685 1912 711 1943 e
730 1895 941 1942 civitate.
982 1893 1260 1942 Cavendum
1283 1909 1398 1956 ergo
1417 1892 1651 1955 imprimis
1669 1900 1743 1940 est
1763 1892 1875 1940 doc-

490 1971 676 2018 toribus
693 1970 939 2033 religionis
954 1985 1015 2016 ne
1033 1969 1212 2032 regulis
1228 1968 1419 2016 colendi
1441 1968 1599 2015 Deum
1617 1967 1874 2030 quicquam

490 2047 794 2093 immisceant
809 2061 868 2092 ex
887 2045 1108 2092 doctrina
1124 2043 1449 2107 physicorum.
1467 2043 1595 2090 Nam
1611 2041 1780 2090 evitari
1792 2042 1873 2089 vix

490 2129 666 2186 potest,
676 2138 787 2169 cum
803 2137 965 2168 rerum
983 2120 1279 2167 naturalium
1296 2119 1480 2166 nullam
1494 2118 1706 2165 habeant
1721 2117 1875 2164 scien-

491 2198 625 2256 tiam,
659 2197 774 2260 quin
805 2195 1064 2259 aliquando
1098 2194 1319 2242 incidant
1342 2194 1391 2240 in
1414 2192 1765 2256 propositiones
1789 2192 1873 2239 ab·

492 2273 661 2320 surdas
679 2293 690 2327 ;
717 2288 824 2334 quae
841 2279 1028 2334 postea,
1048 2271 1195 2317 etiam
1214 2270 1273 2317 ab
1289 2269 1497 2316 indoctis
1514 2268 1732 2325 detectae,
1755 2266 1873 2314 faci-

491 2356 578 2396 ant
595 2354 651 2395 ut
674 2347 837 2394 omnia
860 2363 967 2409 quae
991 2346 1235 2393 docebunt
1259 2351 1632 2392 contemnantur
1653 2363 1665 2397 ;
1707 2357 1874 2404 quem-

492 2422 754 2470 admodum
770 2421 965 2468 detecta
988 2437 1016 2467 a
1034 2420 1250 2467 Luthero
1275 2419 1528 2466 doctorum
1543 2418 1873 2464 Romanorum

491 2497 785 2560 ignorantia,
821 2512 921 2543 non
956 2495 1103 2543 modo
1146 2511 1375 2557 magnam
1405 2501 1594 2557 partem
1625 2491 1873 2554 religionis

492 2573 727 2620 Romanae
743 2580 848 2619 tum
856 2572 906 2617 in
913 2578 1096 2628 nostra,
1104 2577 1210 2617 tum
1223 2570 1275 2616 in
1289 2569 1392 2616 aliis
1406 2568 1631 2632 gentibus
1646 2567 1872 2626 abolevit,

493 2648 579 2695 sed
604 2648 754 2695 etiam
777 2647 904 2709 ipsas
929 2653 1100 2708 gentes
1129 2644 1303 2692 avulsit
1328 2660 1357 2690 a
1381 2644 1601 2690 Romana
1632 2641 1870 2689 clientela.

494 2723 640 2777 Quod
658 2723 698 2770 si
713 2722 773 2769 de
789 2721 1321 2777 transubstantiatione,
1329 2718 1380 2766 id
1397 2726 1485 2775 est,
1497 2716 1557 2764 de
1571 2725 1754 2775 natura,
1766 2733 1873 2764 cor-

490 2799 623 2861 poris
638 2806 687 2845 et
701 2797 811 2855 loci,
821 2797 880 2844 de
888 2797 1041 2844 libero
1058 2795 1273 2853 arbitrio,
1283 2794 1333 2841 id
1347 2800 1435 2851 est,
1447 2793 1506 2840 de
1522 2799 1698 2839 natura
1705 2791 1874 2839 volun-

490 2874 603 2921 tatis
625 2881 673 2920 et
697 2872 987 2930 intellectus,
1012 2879 1062 2918 et
1086 2871 1146 2918 de
1170 2869 1274 2918 aliis
1297 2869 1457 2924 rebus,
1483 2883 1601 2931 quas
1620 2866 1874 2914 brevitatis
