2020 3262
0 246 4 283 ’”’
0 0 35 222 ”“ῗῑῖ’“’“·-Τ5Ξ

6 2900 11 2902 .
0 2622 14 2858 vax-Q-v-zwuq-W'
0 2507 20 2610 :ry-cvx-
0 2487 2 2490 ⁴
0 2439 1 2443 Α
0 2408 7 2426 Α·
0 2331 9 2357 Τ
0 2282 20 2305 ⁴,

542 257 613 290 DE
641 256 905 291 SERMONE
932 255 1000 288 ET
1026 255 1320 289 sclENTns,
1523 246 1581 288 91

202 385 416 428 monere,
454 368 586 432 quod
625 367 875 416 consulere
916 367 1084 431 possit,
1127 368 1187 414 ab
1226 367 1397 415 eadem
1434 367 1588 414 habet
1638 389 1766 422 SECT,
1783 389 1835 422 11.

202 445 456 500 oratione;
492 445 563 492 ita
584 451 641 491 ut
662 445 862 501 bonum,
886 458 974 506 per
1003 458 1054 490 se
1084 459 1334 506 magnum,
1370 443 1458 490 fiat
1487 444 1591 505 jam

203 519 609 570 communicando
649 519 808 567 adhuc
852 519 1024 581 majus.
1094 518 1279 577 Tertio,
1328 517 1462 581 quod
1501 518 1591 565 im-

203 613 375 661 perare
394 603 442 644 et
461 596 698 660 imperata
713 595 986 658 intelligere
1005 594 1262 657 possimus,
1297 593 1592 642 beneficium

204 672 440 722 sermonis
464 680 554 731 est,
579 679 629 719 et
652 670 850 734 quidem
874 670 1157 718 maximum.
1227 671 1357 718 Nam
1393 669 1497 717 sine
1533 685 1590 716 eo

203 749 355 810 nulla,
372 755 500 796 esset
532 747 662 795 inter
695 747 917 795 homines
958 747 1182 805 societas,
1225 746 1361 794 nulla
1395 761 1507 809 pax,
1544 752 1594 793 et

205 831 559 887 consequenter
598 823 733 871 nulla
769 822 1053 886 disciplina3
1091 822 1179 870 sed
1213 822 1381 870 feritas
1416 821 1592 885 primo,

205 908 256 949 et
270 900 444 948 deinde
460 899 687 957 solitudo,
704 907 754 946 et
770 914 860 962 pro
877 897 1132 946 domiciliis
1149 898 1368 946 latibula.
1424 898 1594 946 Quan—

205 993 354 1039 quam
390 975 521 1023 enim
561 974 851 1038 quibusdam
896 974 1186 1021 animalibus
1225 990 1325 1022 suae
1367 973 1593 1036 quaedam

207 1052 306 1101 sint
333 1051 534 1116 politiae,
570 1067 669 1098 non
704 1058 819 1098 sunt
849 1059 1015 1098 tamen
1044 1050 1141 1098 illae
1165 1050 1259 1098 illis
1285 1050 1403 1098 satis
1428 1049 1596 1114 magni

205 1127 441 1176 momenti
464 1127 528 1175 ad
549 1127 675 1174 bene
698 1126 988 1181 vivendum;
1025 1142 1183 1190 neque
1203 1143 1319 1191 ergo
1344 1133 1596 1175 merentur

205 1210 262 1252 ut
275 1203 382 1260 illas
397 1203 779 1257 consideremus3
805 1202 1217 1265 inveniunturque
1235 1203 1287 1250 in
1305 1202 1596 1250 animalibus

206 1287 400 1328 tantum
423 1279 689 1327 inermibus
713 1294 805 1326 nec
824 1278 1091 1326 multarum
1114 1294 1279 1327 rerum
1303 1278 1511 1342 indigis:
1546 1277 1597 1324 in

207 1372 416 1420 quorum
438 1371 642 1403 numero
665 1355 813 1402 homo
836 1370 938 1402 non
963 1361 1051 1413 est,
1087 1355 1170 1417 qui
1195 1363 1434 1418 quantum
1459 1369 1598 1402 enses

207 1440 258 1481 et
299 1432 518 1496 sclopeti,
560 1447 697 1479 arma
726 1430 996 1488 hominum,
1035 1438 1269 1493 superant
1305 1446 1443 1478 arma
1482 1430 1599 1477 bru-

207 1515 387 1568 torum,
413 1524 612 1566 cornua,
632 1507 818 1566 dentes,
838 1506 1049 1565 aculeos,
1068 1513 1262 1554 tantum
1279 1507 1427 1554 homo
1440 1506 1597 1569 IUPOS,

205 1600 360 1643 ursos,
377 1591 643 1648 serpentes,
670 1583 754 1646 qui
776 1583 908 1630 ultra
924 1582 1105 1630 famem
1122 1599 1323 1646 rapaces
1348 1599 1448 1630 non
1468 1589 1598 1640 sunt,

206 1672 299 1708 nec
322 1658 418 1708 nisi
439 1659 652 1707 lacessiti
677 1659 899 1716 saeviunt,
933 1658 1202 1722 rapacitate
1234 1666 1284 1706 et
1316 1658 1488 1706 sevitia
1521 1674 1600 1705 su-

206 1742 363 1799 perat,
388 1735 536 1782 etiam
558 1735 687 1782 fame
707 1734 873 1781 futura
895 1733 1164 1782 famelicus.
1234 1735 1309 1782 Ex
1336 1750 1432 1797 quo
1457 1734 1601 1782 facile

207 1810 501 1874 intelligitur
525 1817 762 1872 quantum
786 1808 997 1857 orationi
1022 1808 1271 1868 debemus,
1309 1826 1406 1873 qua
1429 1809 1602 1857 sociati

209 1893 259 1934 et
282 1886 333 1934 in
356 1891 501 1950 pacta
524 1885 903 1942 consentientes,
933 1900 1116 1943 secure,
1149 1886 1307 1944 beate,
1334 1892 1508 1934 ornate
1530 1886 1602 1934 vi-

208 1963 367 2010 vimus
388 1983 400 2018 ;
436 1961 615 2020 vivere,
634 1961 850 2024 inquam,
871 1977 1128 2024 possumus
1147 1961 1187 2009 si
1204 1962 1443 2010 volumust
1505 1961 1603 2010 Sed

211 2046 327 2087 sunt
365 2053 559 2101 quoque
600 2037 808 2085 orationi
849 2053 936 2085 sua
972 2037 1311 2094 incommoda3
1353 2038 1601 2095 nimirum,

211 2114 346 2178 quod
379 2114 543 2172 homo,
581 2130 693 2161 cum
731 2113 861 2161 solus
893 2113 1190 2172 animalium,
1225 2121 1427 2178 propter
1457 2130 1604 2162 voca-

209 2190 439 2238 bulorum
464 2189 871 2252 significationem
893 2188 1234 2248 universalem,
1270 2189 1464 2253 regulas
1494 2189 1602 2247 sibi,

211 2282 323 2314 011111
346 2266 399 2313 111
422 2265 529 2313 aliis
547 2265 750 2323 artibus,
775 2271 881 2312 tum
901 2264 953 2311 in
971 2270 1076 2312 arte
1094 2264 1304 2324 vivendi,
1324 2265 1604 2328 excogitare

212 2342 365 2406 possit
398 2341 665 2405 generales,
705 2340 834 2387 solus
858 2340 1007 2387 etiam
1029 2340 1161 2388 falsis
1185 2341 1258 2388 uti
1280 2349 1460 2404 potest,
1500 2357 1604 2389 eas-

213 2418 422 2481 demque
460 2417 566 2465 aliis
602 2415 812 2464 utendas
852 2415 1060 2463 tradere.
1155 2416 1327 2479 Itaque
1367 2417 1513 2464 latius
1555 2424 1605 2465 et

213 2493 531 2558 periculosius
557 2500 688 2541 errat
710 2491 874 2550 homo,
910 2507 1057 2554 quam
1087 2499 1293 2555 possunt
1324 2508 1486 2540 errare
1515 2509 1607 2541 cae-

214 2577 322 2618 tera
357 2569 599 2617 animalia.
670 2568 830 2615 Etiam
876 2566 1040 2627 homo,
1082 2567 1123 2615 51
1158 2567 1372 2627 libuerit,
1417 2568 1608 2630 (libebit

139 2647 142 2650 ’
215 2653 382 2695 autem
424 2645 616 2708 quoties
663 2643 878 2691 consiliis
923 2643 1021 2691 suis
1060 2643 1306 2691 videbitur
1342 2645 1608 2707 expedire,)

214 2721 399 2785 poterit
433 2738 542 2785 quae
576 2721 699 2769 falsa
733 2735 836 2767 0550
872 2719 965 2767 scit
1000 2719 1116 2767 data
1149 2736 1298 2783 opera
1327 2720 1518 2782 docere,
1556 2722 1608 2770 id

216 2805 306 2856 est,
341 2797 555 2857 mentiri,
586 2805 636 2845 et
659 2797 848 2845 animos
867 2796 1119 2844 hominum
1144 2796 1505 2846 conditionibus
1530 2815 1607 2846 so-

217 2873 406 2922 cietatis
438 2880 487 2922 et
518 2873 651 2937 pacis
686 2872 888 2921 infestos
923 2871 1159 2921 reddere:
1197 2872 1247 2920 id
1281 2873 1412 2935 quod
1442 2873 1493 2922 in
1530 2891 1606 2923 so-

1710 441 1762 472 10.

1649 534 1795 563 Sermonis

1649 578 1800 606 commoda
1812 579 1842 605 et

1646 621 1837 650 incommoda.
