1994 3256
328 274 400 310 1111
427 274 654 310 OBJEc'rt
680 273 820 310 Loco
846 272 1190 319 APPARENTE‚
1218 275 1334 309 Ero.
1492 265 1554 309 25

173 388 370 438 claritas
390 389 491 438 sive
509 388 631 438 lucis
649 385 878 451 splendor
896 386 1098 434 effectus
1113 386 1177 434 sit
1193 386 1398 434 actionis
1412 388 1557 436 vehe-
1610 409 1738 442 SECT,
1759 408 1808 442 η,

171 464 367 515 mentis.
426 465 557 513 Nam
580 479 692 511 cum
714 461 1006 510 illuminatio
1031 468 1082 509 et
1102 462 1225 510 visio
1259 462 1358 510 sint
1380 471 1556 523 motus,
1692 462 1722 492 ³·

171 541 268 592 erit
283 542 441 605 major
457 539 748 589 illuminatio
768 545 819 587 et
836 538 994 601 major
1017 538 1249 601 splendor
1271 544 1432 586 motus
1456 555 1557 586 ma-
1576 557 1730 593 objectum
1744 564 1804 593 quo

167 617 263 681 jor,
286 617 341 666 id
364 623 454 676 est,
483 616 523 665 si
546 622 720 679 agatur
742 614 794 663 in
817 614 949 662 idem
970 630 1174 662 numero
1197 614 1405 678 patiens,
1429 615 1556 662 actio
1576 600 1834 671 ῗξῗζὶῖῗζξζξυῗο

171 692 366 743 fortior.
465 692 652 755 Itaque,
702 691 744 739 si
788 690 1005 739 medium
1039 690 1171 738 inter
1214 691 1461 754 objectum
1509 699 1556 739 et
1575 686 1841 768 ξζζξεὲξιξιξζξζζζᾶθ

173 769 371 818 oculum
400 767 463 816 sit
484 766 766 832 pulvisculis
791 767 956 831 opacis
980 767 1346 831 interspersum,
1384 767 1558 831 quibus

170 845 299 894 radii
319 844 472 909 aliqui
504 844 565 892 ab
594 845 785 908 obJecto
820 843 872 892 in
907 843 1104 892 oculum
1125 843 1384 892 tendentes
1407 843 1559 891 inter-

173 921 437 986 cipiuntur,
443 921 698 985 apparebit
716 921 965 985 objectum
978 936 1138 984 neque
1152 920 1386 969 remotius
1400 936 1559 983 neque

170 998 372 1063 propius
387 997 529 1047 oculo
545 1014 692 1062 quam
709 998 761 1046 in
774 997 936 1046 medio
954 1013 1094 1061 puro,
1115 997 1203 1046 sed
1219 1003 1385 1045 tamen
1400 996 1560 1044 minus

171 1073 498 1140 splendidum,
520 1081 727 1138 propter
745 1073 846 1123 vim
868 1073 1075 1121 actionis
1097 1073 1400 1137 impeditam.

241 1150 392 1200 Quod
413 1151 454 1199 si
477 1150 703 1199 debilitas
726 1149 934 1198 actionis
969 1149 1226 1213 proveniat
1247 1150 1308 1197 ab
1333 1166 1406 1209 eo,
1432 1149 1565 1213 quod

171 1227 366 1278 animus
384 1227 597 1275 videntis
619 1226 684 1276 ad
705 1226 841 1275 aliud
863 1226 1110 1289 objectum
1143 1231 1362 1274 attentus
1386 1225 1464 1284 sit,
1501 1226 1564 1273 si-

173 1303 372 1368 quidem
392 1299 525 1352 inter
543 1304 792 1367 objectum
825 1302 947 1351 illud
970 1310 1020 1351 et
1044 1303 1242 1351 oculum
1261 1302 1396 1351 aliud
1418 1303 1566 1351 inter-

171 1386 385 1444 ponatur
407 1379 657 1444 objectum
679 1379 857 1439 minuS,
881 1378 1130 1428 videbitur
1160 1379 1213 1428 id
1237 1379 1373 1444 quod.
1395 1386 1468 1428 est
1491 1380 1565 1428 in-

171 1455 466 1520 terpositum
488 1455 637 1504 etiam
659 1455 895 1504 remotius
919 1463 969 1504 et
992 1456 1167 1520 majus,

241 1532 318 1582 Sit
355 1532 487 1581 enim
522 1532 595 1595 (in
624 1533 710 1596 fig.
747 1533 799 1595 6)
845 1533 1095 1597 objectum
1131 1533 1172 1581 B
1190 1532 1229 1580 C
1274 1532 1430 1580 visum
1477 1533 1564 1581 sub

157 1607 354 1673 'angulo
376 1608 555 1657 visorio
587 1608 628 1656 B
643 1609 689 1657 A
705 1609 759 1668 C,
795 1609 944 1672 idque
967 1625 1081 1657 cum
1103 1609 1375 1657 attentione
1399 1609 1565 1668 animi,

41 1743 44 1751 t
172 1686 268 1736 hoc
285 1691 375 1745 est,
395 1701 508 1733 cum
530 1692 672 1733 motu
689 1701 989 1748 organorum
1004 1686 1138 1734 circa
1153 1701 1239 1734 cor
1255 1686 1567 1738 vehemente:

120 1806 125 1812 .
174 1761 335 1826 sitque
357 1760 702 1824 interpositum
724 1761 854 1809 inter
893 1761 933 1809 B
950 1762 989 1809 C
1024 1769 1076 1810 et
1110 1762 1306 1810 oculum
1329 1763 1463 1811 aliud
1485 1764 1570 1811 ob-

170 1839 375 1902 jectum,
412 1836 458 1885 D
473 1837 531 1895 E,
569 1836 730 1885 minus
766 1854 912 1901 quam
944 1838 985 1885 B
1003 1838 1057 1897 C,
1081 1839 1240 1887 visum
1276 1840 1365 1888 sub
1390 1840 1570 1903 angulo

175 1913 356 1963 visorio
380 1913 425 1962 D
441 1913 487 1961 A
501 1913 540 1961 E
562 1934 574 1969 ;
612 1913 806 1977 sintque
829 1914 873 1961 A
888 1914 951 1973 D,
987 1914 1033 1962 A
1047 1915 1087 1962 E
1111 1915 1366 1979 productae
1384 1916 1448 1963 ad
1472 1917 1511 1963 B
1529 1918 1568 1964 C

175 1990 229 2039 in
252 1990 291 2039 F
313 1996 364 2038 et
386 1989 444 2038 G.
514 1989 638 2038 Dico
676 1990 720 2038 D
736 1991 776 2038 E
815 1990 1151 2054 appariturum
1175 1991 1227 2040 in
1262 1993 1300 2039 F
1315 1991 1371 2040 G.
1441 1993 1572 2041 Dum

177 2065 310 2115 enim
345 2065 516 2114 oculus
553 2065 798 2129 percurrit
836 2067 1083 2130 objectum
1107 2068 1148 2115 B
1165 2067 1219 2127 C,
1250 2068 1330 2116 cui
1352 2068 1572 2118 intentus

177 2148 253 2191 est
291 2141 500 2201 animus,
539 2157 654 2205 pars
689 2143 727 2190 F
741 2142 784 2191 G
817 2136 1072 2207 apparebit
1106 2160 1207 2193 non
1243 2161 1331 2193 sua
1362 2147 1571 2207 actione,

178 2235 290 2283 quae
326 2219 390 2267 ab
432 2218 720 2282 interposito
761 2219 805 2268 D
820 2220 860 2268 E
897 2221 1089 2269 sublata
1134 2229 1224 2281 est,
1267 2222 1354 2270 sed
1388 2222 1572 2272 virtute

177 2295 386 2345 actionis
409 2294 455 2343 D
469 2295 511 2343 E
531 2316 544 2351 ;
579 2296 832 2359 apparebit
856 2312 973 2360 ergo
999 2297 1044 2345 D
1059 2297 1099 2345 E
1122 2304 1179 2346 ut
1200 2299 1394 2347 macula
1410 2299 1574 2363 aliqua

179 2371 259 2422 vel
281 2371 502 2420 tenebrae
518 2371 571 2419 in
594 2371 632 2419 F
647 2372 703 2431 G,
728 2372 808 2420 vel
831 2372 872 2421 si
894 2372 1181 2422 fortiuscule
1205 2382 1336 2438 agat,
1357 2375 1433 2422 sui
1452 2392 1572 2439 quo-

180 2465 275 2514 que
320 2448 588 2513 imaginem
630 2448 795 2508 faciet,
840 2449 928 2497 sed
967 2450 1298 2499 obscuriorem
1338 2459 1389 2499 et
1425 2468 1572 2515 appa-

179 2531 370 2575 rentem
391 2525 447 2573 in
467 2525 505 2574 F
520 2524 582 2584 G,
614 2524 669 2573 id
689 2532 778 2584 est,
813 2526 1048 2590 majorem
1072 2543 1218 2590 quam
1242 2528 1285 2575 D
1303 2528 1358 2575 E.
1430 2527 1573 2576 Simi-

178 2601 295 2652 liter
333 2601 376 2650 si
413 2600 605 2650 animus
642 2600 854 2650 videntis
887 2610 1106 2650 attentus
1144 2603 1208 2651 sit
1237 2603 1290 2651 in
1327 2603 1573 2667 objectum

180 2678 300 2738 DE,
334 2677 457 2726 visio
479 2677 633 2742 partis
659 2677 697 2725 F
713 2677 759 2726 G
787 2678 1002 2738 tolletur,
1034 2679 1427 2744 videbunturque
1459 2681 1499 2729 B
1519 2682 1570 2741 F,

183 2755 226 2804 G
241 2755 281 2804 C
303 2754 356 2803 in
380 2755 430 2803 H
445 2754 508 2814 D,
532 2761 583 2803 et
604 2755 683 2803 EI
704 2775 716 2811 ;
754 2762 868 2803 sunt
891 2762 1055 2804 autem
1078 2756 1123 2804 D
1140 2757 1206 2815 H,
1242 2757 1322 2805 EI
1357 2757 1571 2806 minores

183 2848 331 2897 quam
355 2831 395 2879 B
410 2831 463 2890 F,
489 2831 528 2880 C
543 2831 600 2880 G.

186 2924 215 2963 „¹
251 2909 300 2968 ἵ.
333 2906 540 2974 Videtur
562 2915 728 2958 autem
761 2907 878 2957 luna
910 2908 1126 2958 interdiu
1155 2915 1207 2957 et
1235 2909 1395 2959 minor
1426 2918 1476 2961 et
1499 2911 1571 2959 di-
