2020 3262
482 253 554 287 DE
580 252 755 287 s'rA'rU
782 250 1077 292 HomNUM,
1102 250 1218 284 E‘rc.
1493 242 1578 284 161

190 363 433 419 refertum
469 372 652 413 caetera
690 361 932 412 sensualia
970 370 1103 418 sunt,
1142 361 1221 409 vel
1257 361 1322 409 ad
1362 362 1585 410 sensuale
1619 386 1755 430 ‘sEcqg
1776 385 1844 418 111,

189 440 533 502 conducentia,
550 456 660 504 quae
675 437 840 488 omnia
853 436 1223 485 commodorum
1239 436 1437 484 nomine
1452 453 1585 485 com·
1723 437 1750 468 ¹·

189 516 429 582 prehendi
450 523 669 580 possunt.
723 513 894 563 Omnis
925 512 1076 576 igitur
1107 512 1314 560 societas
1344 511 1423 559 vel
1455 528 1585 559 com·
1604 503 1757 559 Societas
1776 529 1870 558 civius

1601 574 1718 602 initium
1744 583 1807 601 esse
1840 582 1858 601 n

168 582 327 652 'modi
349 608 512 652 causa,
539 591 617 640 vel
638 590 823 655 gloriae,
857 589 952 637 hoc
975 595 1066 647 est,
1091 588 1182 646 sui,
1214 604 1316 635 non
1339 587 1584 636 sociorum
1601 620 1705 646 mutu„
1717 620 1807 647 men„

188 683 357 719 amore
397 667 721 716 contrahitur.
811 665 991 714 Gloriae
1036 671 1201 712 autem
1246 663 1410 712 studio
1451 663 1587 712 nulla

189 743 305 792 iniri
327 759 487 807 neque
510 743 777 791 multorum
799 740 1070 798 hominum,
1105 755 1265 803 neque
1298 739 1440 786 multi
1462 746 1587 787 tem-

188 819 338 884 poris,
379 819 588 868 societas
627 825 822 882 potest3
864 822 1127 880 propterea
1168 814 1302 879 quod
1340 815 1585 878 gloriatio,

185 895 318 944 sicut
339 902 391 944 et
406 895 582 954 honor,
604 895 645 943 si
662 894 888 942 omnibus
906 892 1051 951 adsit,
1069 891 1192 940 nulli
1211 891 1380 947 adest3
1405 891 1587 955 quippe

187 987 302 1036 quae
326 970 692 1034 comparatione
716 976 766 1017 et
787 967 1121 1033 praecellentia
1144 974 1401 1015 constant:
1426 983 1587 1030 neque

188 1054 249 1110 μῦ
271 1046 380 1111 quis
404 1063 602 1095 causam
624 1045 869 1110 gloriandi
886 1045 938 1092 in
957 1060 1014 1092 se
1032 1044 1229 1103 habeat,
1248 1043 1589 1107 adjumentum

185 1121 345 1176 ullum
384 1122 575 1171 aceedit
612 1138 675 1170 ex
714 1121 921 1169 aliorum
955 1119 1205 1167 societate.
1274 1119 1421 1167 Tanti
1457 1119 1589 1166 enim

137 1242 143 1249 .
188 1197 397 1262 quisque
420 1205 511 1257 est,
548 1204 786 1262 quantum
809 1196 913 1244 sine
936 1195 1144 1244 aliorum
1168 1211 1259 1259 ope
1284 1195 1388 1259 ipse
1411 1202 1587 1258 potest.

185 1273 489 1338 ,Quanquam
512 1281 679 1322 autem
700 1271 961 1321 commoda
982 1272 1128 1334 hujus
1151 1271 1265 1319 vitae
1289 1271 1459 1335 augeri
1482 1287 1590 1318 mu-

188 1355 400 1414 tua'ope
430 1355 654 1414 possunt,
687 1365 800 1396 cum
833 1357 1000 1396 tamen
1032 1347 1084 1395 id
1111 1347 1218 1395 fieri
1246 1347 1402 1395 multo
1433 1346 1590 1410 magis

137 1440 139 1442 ·
188 1424 409 1474 dominio
433 1425 589 1489 possit
613 1441 760 1488 quam
784 1424 1015 1472 societate
1039 1424 1262 1482 aliorum,
1292 1423 1477 1471 nemini
1501 1423 1590 1470 du-

150 1553 158 1558 ,
188 1500 327 1550 bium
349 1517 456 1550 esse
480 1501 641 1561 debet,
661 1501 780 1565 quin
798 1501 988 1549 avidius
1001 1500 1250 1548 ferrentur
1263 1499 1485 1547 homines
1502 1515 1591 1546 na-

183 1584 303 1629 tura
314 1593 420 1637 sua,
434 1577 476 1626 si
492 1583 652 1626 metus
667 1578 876 1636 abesset,
885 1576 950 1624 ad
965 1576 1352 1624 dominationem
1366 1591 1513 1638 quam
1528 1574 1592 1622 ad

186 1653 494 1712 societatem.
533 1653 860 1702 Statuendum
873 1652 1026 1715 igitur
1039 1660 1130 1711 est,
1139 1651 1378 1715 originem
1391 1667 1592 1714 magna-

191 1734 304 1778 rum
331 1737 383 1777 et
401 1728 744 1778 diutumarum
769 1728 1062 1776 societatum
1079 1744 1179 1775 non
1196 1743 1227 1776 a
1244 1734 1417 1775 mutua
1434 1727 1591 1775 homi-

189 1820 312 1853 num
329 1805 690 1864 benevolentia,
715 1804 801 1852 sed
825 1820 855 1852 a
879 1812 1052 1852 mutuo
1076 1809 1241 1852 metu*
1262 1804 1522 1852 exstitisse.

233 1921 257 1946 θ
269 1920 308 1957 Α
320 1923 450 1957 mutuo
464 1923 576 1965 metu,
588 1919 678 1968 eta]
698 1919 906 1970 Objectum
921 1926 989 1966 est,
997 1925 1146 1958 tantum
1159 1921 1301 1966 abesse,
1313 1927 1357 1959 ut
1370 1922 1544 1959 homines
1552 1923 1591 1960 in

50 1997 55 2006 ·
123 1971 126 1972 ⁷
188 1977 416 2020 societatem
430 1980 582 2018 civilem
600 1980 813 2018 coalescere
830 1986 988 2031 propter
1007 1986 1151 2019 metum
1165 1988 1333 2032 possent,
1348 1989 1392 2020 ut
1409 1984 1441 2020 si
1456 1989 1592 2022 mutuo

188 2054 234 2080 se
262 2042 498 2088 metuissent,
517 2054 567 2079 ne
596 2048 846 2092 conspectum
860 2043 1022 2094 quidem
1049 2049 1227 2081 mutuum
1245 2043 1346 2082 ferre
1365 2045 1591 2095 potuissent.

192 2103 384 2151 sentiunt,
404 2104 552 2154 opinor,
572 2104 667 2141 nihil
685 2103 789 2142 aliud
807 2118 889 2143 esse
905 2110 1088 2151 metuere,
1100 2110 1357 2156 praeterquam
1374 2108 1591 2157 perterreri.

186 2156 280 2217 Ego
307 2178 354 2204 ea
379 2178 475 2204 voce
507 2165 627 2203 futuri
658 2166 750 2204 mali
779 2171 1025 2216 prospectum
1050 2167 1261 2217 quemlibet
1293 2169 1590 2218 comprehendo.

182 2225 332 2278 ”Neque
359 2227 479 2266 solam
508 2227 653 2278 fugam,
684 2228 751 2266 sed
780 2229 896 2266 etiam
923 2228 1107 2274 diffidere,
1138 2229 1335 2278 suspicari,
1364 2242 1512 2276 cavere,
1537 2242 1590 2268 ‘ne

190 2293 366 2327 metuant
382 2288 597 2339 providere,
616 2290 869 2326 metuentium
888 2302 969 2327 esse
981 2289 1129 2341 judico.
1158 2290 1234 2332 Qui
1255 2291 1464 2329 dormitum
1483 2297 1589 2336 eunt,

163 2394 165 2397 Α
190 2349 294 2389 fores
307 2350 517 2397 claudunt3
535 2351 601 2401 qui
617 2351 690 2388 iter
703 2350 808 2396 facit,
822 2363 911 2389 cum
925 2352 1002 2389 telo
1016 2357 1074 2390 est
1087 2368 1097 2397 ;
1115 2352 1208 2402 quia
1221 2357 1399 2390 metuunt
1411 2354 1590 2391 latrones.

191 2409 379 2451 Civitates
395 2412 492 2450 fines
510 2425 599 2450 suos
627 2412 825 2462 praesidiis,
844 2414 959 2451 urbes
987 2414 1190 2460 moenibus,
1211 2415 1309 2452 tueri
1327 2415 1463 2460 solent,
1482 2421 1588 2453 metu

190 2473 404 2512 vicinarum
423 2474 622 2512 civitatum
638 2490 647 2519 ;
674 2475 790 2512 etiam
801 2473 995 2513 fortissimi
1015 2476 1217 2522 exercitus,
1233 2477 1520 2527 comparatique
1538 2477 1588 2515 ad

188 2546 372 2587 pugnam,
392 2535 440 2573 de
468 2548 564 2586 pace
592 2541 718 2574 tamen
749 2536 939 2587 colloquia
967 2538 1110 2575 habent
1137 2538 1355 2588 aliquando,
1375 2543 1588 2577 metuentes

190 2597 270 2635 vim
287 2602 472 2643 mutuam,
493 2603 532 2636 et
550 2610 598 2635 ne
615 2599 831 2636 vincantur.
869 2599 944 2637 Per
961 2604 1107 2637 metum
1126 2605 1184 2637 est
1201 2600 1307 2650 quod
1325 2600 1497 2637 homines
1514 2601 1588 2638 sibi

188 2664 351 2704 avenn
369 2658 464 2710 fuga
476 2659 634 2710 quidem
653 2665 692 2698 et
709 2660 875 2706 latebris,
895 2661 926 2698 si
939 2661 1064 2698 caveri
1079 2661 1190 2698 aliter
1203 2673 1315 2710 posse
1333 2673 1410 2698 non
1429 2666 1588 2710 putant3

187 2720 396 2771 saepissime
423 2733 519 2759 vero
539 2721 654 2759 armis
683 2729 799 2772 atque
818 2722 1078 2761 instrumentis
1105 2722 1348 2768 defensionis,
1368 2735 1446 2773 quo
1463 2722 1519 2767 fit,
1545 2728 1589 2760 ut

187 2780 344 2831 prodire
362 2781 558 2825 audentes,
578 2781 674 2820 alter
687 2783 842 2820 alterius
857 2795 1088 2834 cognoscere
1103 2784 1299 2834 ingenium
1315 2784 1447 2833 possit.
1476 2783 1588 2822 Tunc

188 2846 319 2881 autem
337 2843 417 2882 sive
435 2850 620 2894 pugnant,
633 2857 681 2883 ex
700 2845 882 2891 victoria;
910 2846 988 2883 sive
1009 2846 1263 2890 consentiunt,
1280 2858 1326 2883 ex
1338 2845 1587 2883 consensione

179 2903 325 2943 *civitas
339 2905 446 2947 nasci
459 2905 567 2946 solet,

323 2972 448 3007 VOL.
475 2973 535 3006 11.
1410 2976 1451 3009 M
