1982 3256
427 265 488 315 76
951 279 1021 312 DE
1049 280 1287 313 HOMINE.

177 408 307 442 ssscrr,
328 410 377 442 11,
427 387 804 453 refringerentur
825 406 912 452 per
938 391 984 437 H
1002 391 1046 438 D
1072 398 1121 438 et
1145 392 1189 438 K
1205 392 1248 439 D
1284 390 1347 437 ad
1373 397 1592 438 centrum
1625 392 1793 447 retinae

263 461 293 490 ⁸·
426 462 484 508 D.
540 462 682 510 Unde
701 464 839 511 fieret
861 472 917 512 ut
939 466 981 513 G
1002 465 1248 513 videretur
1265 481 1363 512 non
1387 465 1531 512 modo
1550 465 1600 512 in
1621 466 1792 514 visuali

146 551 242 580 Locus
255 552 388 589 imaginis
424 537 468 584 D
486 538 550 595 H,
570 538 655 585 sed
678 539 823 586 etiam
845 540 896 587 in
918 540 1089 587 visuali
1112 541 1155 587 D
1172 541 1232 587 K.
1300 540 1363 586 Et
1384 555 1471 602 per
1495 539 1696 587 eandem
1713 556 1791 588 ra-

143 595 408 675 ξξζιῗζῗὲᾏῗιζζξζ]
424 612 620 671 tionem,
646 614 895 676 quodlibet
930 615 1061 662 aliud
1095 622 1330 677 punctum
1365 614 1579 676 ejusdem
1614 615 1792 678 objecti

422 687 473 734 in
496 688 665 735 eadem
688 689 859 736 visuali
876 689 1136 748 videretur,
1155 690 1207 737 in
1226 706 1321 752 qua
1333 689 1525 736 videtur
1543 689 1791 752 quodlibet

422 763 553 810 aliud
575 771 809 826 punctum
833 764 1048 826 ejusdem
1079 764 1270 827 objecti,
1305 764 1357 811 id
1390 763 1522 826 quod
1545 771 1617 812 est
1637 764 1791 812 videri

423 838 637 897 confuse,
684 845 733 886 et
777 839 828 886 in
872 840 1054 901 majore
1099 839 1330 887 distantia
1374 839 1530 902 magis
1577 839 1788 888 confuse.

425 913 571 961 Quod
615 921 689 961 est
731 914 956 977 primum.
1039 914 1239 974 Rursus,
1281 914 1508 977 quoniam
1547 915 1790 978 objectum

421 989 460 1036 E
477 990 528 1047 F,
565 989 664 1037 sive
686 990 884 1052 propius
909 989 1098 1052 dioptro
1123 990 1221 1037 sive
1245 990 1305 1037 ab
1339 1006 1396 1036 eo
1429 989 1660 1037 remotius
1693 996 1790 1037 sta-

421 1071 601 1123 tuatur,
636 1064 799 1111 lumen
828 1081 967 1111 suum
995 1065 1142 1112 habet
1170 1064 1545 1112 determinatum
1572 1064 1790 1127 (planum

421 1139 550 1186 enim
584 1155 742 1202 neque
778 1140 960 1203 colligit
994 1156 1150 1203 neque
1189 1140 1365 1187 minuit
1399 1140 1580 1201 lumen)
1615 1140 1788 1189 fortius

419 1222 533 1275 aget
546 1230 699 1276 prope
715 1214 1016 1273 collocatum,
1033 1230 1177 1276 quam
1193 1231 1251 1261 ex
1265 1214 1546 1276 longinquo.
1590 1214 1787 1263 Quanto

419 1303 535 1349 ergo
570 1289 814 1350 objectum
843 1290 1075 1337 remotius
1103 1289 1345 1348 statuitur,
1380 1296 1517 1336 tanto
1545 1289 1788 1338 videbitur

419 1362 578 1409 minus
614 1363 813 1411 clarum.
884 1364 1029 1413 Quod
1064 1372 1137 1412 est
1172 1363 1452 1411 secundum.
1521 1364 1785 1423 Postremo,

421 1437 648 1499 quoniam
684 1440 922 1501 objectum
956 1440 996 1486 E
1013 1439 1066 1497 F,
1101 1439 1151 1486 in
1180 1439 1480 1501 quantalibet
1501 1439 1784 1498 remotione,

417 1512 610 1560 videtur
640 1528 829 1576 semper
863 1514 950 1560 sub
983 1514 1154 1561 eodem
1184 1514 1361 1576 angulo
1385 1514 1561 1562 visorio
1598 1515 1645 1561 H
1662 1515 1706 1562 D
1723 1515 1784 1573 K,

420 1594 470 1634 et
491 1602 578 1649 per
600 1587 761 1635 media
790 1587 974 1646 eadem,
1004 1587 1247 1635 videbitur
1281 1604 1472 1651 quoque
1509 1604 1697 1652 semper
1732 1590 1784 1637 in

360 1711 363 1715 ,
418 1661 602 1720 MDL,
648 1662 856 1725 ideoque
911 1663 963 1710 in
1002 1663 1172 1710 eodem
1227 1678 1416 1726 semper
1458 1664 1580 1711 loco.
1651 1664 1784 1713 Qua-

417 1744 633 1799 propter,
658 1737 699 1784 si
723 1737 786 1784 sit
805 1737 1050 1801 dioptrum
1072 1738 1452 1801 hyperbolicum,
1477 1746 1569 1786 etc.
1639 1738 1785 1787 Quod

418 1819 524 1858 erat
547 1812 914 1859 ostendendum.

483 1886 680 1934 Adduxi
724 1894 886 1934 autem
936 1886 1356 1935 ratiocinationem
1400 1888 1526 1936 hanc
1571 1889 1632 1936 ob
1677 1904 1784 1936 eam

417 1978 627 2019 causam,
664 1961 793 2024 quod
824 1961 1039 2009 viderem
1070 1978 1099 2009 a
1128 1963 1371 2010 nonnullis
1395 1963 1586 2026 dioptra
1606 1979 1783 2026 magno

416 2036 580 2084 labore
602 2037 784 2083 frustra
799 2037 1026 2083 fabricari
1042 2037 1372 2100 hyperbolica;
1399 2054 1457 2085 ex
1474 2038 1783 2101 persuasione

415 2112 550 2169 falsa,
585 2112 717 2158 illam
754 2112 961 2174 figuram
996 2119 1101 2158 tum
1140 2112 1410 2175 telescopiis
1447 2121 1552 2160 tum
1585 2113 1784 2161 micros⁶

417 2187 568 2249 copiis
602 2186 965 2234 accommodam
988 2203 1117 2242 esse;
1153 2187 1204 2234 id
1228 2188 1355 2250 quod
1379 2203 1546 2235 verum
1569 2203 1669 2235 non
1692 2196 1779 2235 est.

417 2262 554 2309 Idem
578 2262 673 2309 dici
695 2270 859 2324 potest
883 2261 943 2308 de
968 2262 1170 2324 dioptris
1205 2262 1443 2324 ellipticis,
1477 2269 1676 2325 propter
1707 2277 1782 2309 ra-

416 2338 572 2385 tiones
588 2336 795 2384 easdem.
834 2337 1124 2399 Quanquam
1138 2336 1202 2384 ad
1217 2337 1595 2385 comburendum
1612 2338 1781 2400 figurae

417 2413 611 2471 eaedem,
650 2419 705 2460 ut
738 2427 882 2475 supra
914 2420 1160 2460 ostensum
1194 2419 1282 2472 est,
1318 2412 1531 2460 omnium
1565 2412 1662 2460 sint
1695 2428 1780 2475 ap-

415 2489 626 2536 tissimae.

964 2745 1220 2763 u
