2020 3262
350 239 421 274 DE
449 239 639 274 REGNo
666 238 761 272 DEI
790 237 896 271 PER
922 237 1147 271 PAc'rUM
1175 238 1394 272 NovUM.
1467 229 1562 272 385

180 353 338 413 Mose,
366 353 454 402 sed
485 353 545 401 ab
578 351 857 400 Abrahamo
883 350 1128 419 ‘traditum
1161 359 1249 410 est,
1275 352 1358 415 qui
1384 352 1569 416 primus
1610 375 1735 408 sam,
1757 374 1825 407 111,

179 429 351 478 mundi
383 429 681 478 creationem
709 425 1010 491 praedicavit.
1083 426 1237 488 Leges
1261 427 1425 489 igitur,
1452 443 1570 491 quas
1699 426 1750 458 ¹⁷·

0 555 16 573 Ι,
181 505 463 554 CHRISTUS
488 505 540 552 in
563 504 718 552 altero
748 503 856 551 loco
881 502 1147 560 contrahit,
1166 501 1218 550 in
1242 502 1395 550 altero
1418 503 1571 566 expli-

0 585 17 648 ξῖ
179 589 276 637 cat,
317 581 425 629 aliae
461 596 563 628 non
600 586 716 628 sunt
752 594 900 643 quam
940 577 1052 636 illae,
1090 576 1154 624 ad
1191 593 1311 640 quas
1340 584 1571 626 tenentur

0 658 6 674 ⁷·
180 672 351 705 omnes
390 655 622 704 mortales
659 654 744 718 qui
780 660 1055 718 agnoscunt
1091 653 1247 701 Deum
1286 653 1569 701 Abrahami.

0 703 16 803 Ξ
179 732 484 791 PraeterhaS,
504 730 690 779 nullam
706 730 867 794 legem
881 746 912 777 a
929 729 1174 778 CHRISTO
1195 728 1428 777 traditam
1451 729 1571 792 legi-

0 808 13 869 }
178 824 288 856 mus
304 815 486 871 praeter
509 806 872 854 institutionem
892 811 1312 853 sacramentorum
1334 803 1573 868 baptismi

0 874 14 948 ί
179 891 231 932 et
253 883 592 932 eucharistiae.

247 965 294 1008 9.
333 957 468 1008 Quid
503 973 621 1021 ergo
658 956 848 1004 dicetur
879 955 940 1004 de
970 955 1231 1020 praeceptis
1260 954 1542 1019 hujusmodi
1560 976 1571 1010 ;
1591 959 1787 1009 Poenioemiffir

1590 1003 1790 1040 baptizamini,

0 1082 15 1093 ,,
169 1033 489 1100 poenitemini
503 1051 523 1088 ‚·
564 1031 892 1097 baptizamini
906 1051 925 1087 ;
972 1048 1121 1079 serva
1150 1031 1390 1079 mandata
1405 1050 1424 1086 ;
1466 1047 1574 1079 cre·
1592 1056 1676 1096 sensa
1688 1046 1834 1096 gnanaata,

0 1093 11 1142 s*
181 1110 288 1159 dite
312 1108 634 1174 Evangelio;
672 1107 835 1155 venite
863 1107 936 1155 ad
962 1124 1036 1155 me
1050 1126 1069 1163 ;
1094 1107 1248 1155 vende
1281 1107 1443 1154 omnia
1467 1123 1574 1171 quoe
1590 1089 1855 1167 ῗζῗᾙὲῗζζῗω

179 1184 350 1244 hahes,
371 1184 459 1232 da
475 1182 809 1248 pauperibus,
845 1198 1055 1246 sequere
1080 1199 1152 1230 me
1171 1201 1189 1237 ,·
1225 1190 1276 1230 et
1299 1181 1571 1230 similibus?
1589 1177 1679 1215 18883·

179 1259 478 1325 Dicendum·
502 1265 592 1317 est,
633 1274 735 1306 non
781 1273 884 1306 esse
931 1257 1088 1322 leges,
1135 1257 1221 1305 sed
1265 1258 1574 1306 vocationem

178 1335 243 1383 ad
266 1335 463 1398 fidem‚·
509 1334 651 1398 quale
689 1341 764 1382 est
803 1334 924 1382 illud
961 1335 1101 1382 Isaiae
1142 1334 1225 1396 (lv.
1268 1335 1335 1396 1),
1384 1334 1572 1393 Venite,

178 1412 325 1460 emite
343 1410 531 1475 absque
549 1416 766 1474 argento
785 1416 836 1457 et
860 1409 1048 1473 absque
1072 1409 1178 1456 nlla
1198 1410 1575 1457 commutatione

178 1487 340 1535 vinnm
359 1493 410 1535 et
435 1486 533 1534 lac.
604 1486 780 1549 Neque
805 1486 846 1533 si
868 1485 1032 1533 vocati
1060 1501 1162 1532 non
1186 1485 1402 1544 veniunt,
1427 1501 1575 1548 prop-

177 1570 316 1612 terea
336 1568 545 1626 peccant
575 1569 749 1610 contra
775 1561 926 1608 ullam
956 1561 1132 1624 legem,
1157 1560 1243 1608 sed
1265 1568 1438 1609 contra
1458 1577 1575 1625 pru-

181 1639 399 1688 dentiam
423 1645 646 1693 tantum3
687 1653 847 1700 neque
886 1637 1119 1700 punietur
1156 1636 1450 1699 infidelitas,
1489 1637 1576 1684 sed

179 1722 387 1780 peccata
410 1714 591 1778 priora.
663 1713 829 1762 Quare
849 1720 1047 1760 sanctus
1065 1712 1094 1760 J
1098 1712 1313 1760 ohannes
1333 1711 1393 1760 de
1416 1712 1575 1760 incre-

181 1791 298 1839 dulo
315 1790 435 1838 dicit
459 1789 591 1852 (Joh.
606 1789 673 1836 iii.
691 1790 776 1851 36)
798 1807 809 1836 :
837 1789 919 1835 ira
934 1788 1035 1836 Dei
1049 1794 1215 1834 manet
1232 1804 1385 1852 super
1401 1787 1539 1835 illum
1555 1807 1574 1842 ;

180 1883 282 1915 non
306 1866 455 1914 dicit:
503 1865 719 1917 iraDei
751 1865 912 1912 veniet
944 1881 1097 1929 snper
1126 1863 1279 1912 illum.
1349 1865 1415 1912 Et
1442 1864 1573 1926 (Joh.

181 1942 251 1991 iii.
277 1943 390 2004 18):
435 1941 533 1999 Qui
557 1958 653 1989 non
687 1940 853 1988 credit
876 1941 989 2003 jam
1014 1939 1283 2003 judicatus
1320 1946 1423 2006 est,
1455 1940 1576 2004 quia

182 2036 279 2067 non
303 2018 501 2066 eredit:
537 2033 637 2064 non
669 2016 789 2064 dicit
810 2037 822 2071 3
846 2015 1169 2079 judicabitur
1188 2035 1206 2071 ;
1245 2015 1346 2074 sed,
1364 2017 1475 2078 jam
1490 2016 1575 2078 ju-

183 2094 386 2142 dicatus
433 2100 526 2141 est.
596 2093 701 2141 Imo
742 2109 841 2141 non
863 2093 982 2140 satis
1007 2092 1200 2155 concipi
1225 2092 1388 2140 animo
1413 2099 1577 2156 potest
1634 2098 1638 2104 ’

182 2171 521 2218 remissionem
554 2176 881 2234 peecatorum
920 2168 1212 2217 beneficium
1248 2184 1351 2216 esse
1391 2185 1421 2216 a
1443 2169 1574 2231 fide,

182 2247 278 2296 nisi
302 2247 451 2294 etiam
475 2262 502 2294 e
526 2246 770 2294 contrario
792 2245 1110 2309 intelligatur,
1126 2245 1438 2310 punitionem
1463 2261 1577 2307 pec-

184 2330 409 2372 catorum
433 2322 667 2370 damnum
691 2338 794 2370 esse
817 2323 878 2369 ab
903 2321 1225 2384 infidelitate.

257 2405 331 2448 10.
369 2399 443 2446 Ex
467 2414 541 2456 eo,
563 2397 696 2460 quod
721 2398 950 2446 Servator
972 2404 1141 2446 noster
1163 2397 1441 2460 principum
1465 2398 1577 2445 sub-
1597 2414 1773 2465 Peranna

184 2475 300 2524 ditis
333 2482 384 2522 et
417 2474 672 2522 civitatum
709 2474 895 2522 civibus
926 2473 1084 2521 nullas
1114 2473 1249 2536 leges
1277 2474 1578 2537 praescripsit
1595 2462 1845 2532 ζξξῖζξῗζζῖζζζῑω

187 2550 536 2608 distributivas,
569 2550 665 2598 hoc
698 2557 789 2609 est,
814 2550 1007 2613 regulas
1039 2549 1198 2597 nullas
1228 2549 1378 2608 dedit,
1405 2549 1578 2612 quibus
1596 2546 1832 2628 ξζζζῑίῗῖῃῐζζίἳζζ

184 2627 306 2676 civis
330 2627 455 2675 scire
479 2633 529 2674 et
555 2625 842 2689 dignoscere
877 2626 1048 2689 possit,
1074 2624 1193 2689 quid
1227 2625 1291 2673 sit
1325 2642 1463 2673 sunm
1487 2625 1580 2674 sibi

185 2702 455 2768 proprium,
493 2701 612 2765 quid
653 2701 883 2760 alienum,
920 2717 1082 2766 neque
1129 2701 1306 2765 quibus
1341 2701 1578 2760 formulis,

142 2843 145 2845 -
186 2778 364 2838 verbis,
390 2777 832 2826 circumstantiisve
861 2777 995 2837 dari,
1025 2778 1182 2835 tradi,
1207 2777 1394 2836 invadi,
1411 2778 1580 2842 possi-

187 2854 302 2902 deri
336 2870 442 2902 rem
476 2861 716 2917 oporteat,
742 2861 796 2901 ut
831 2853 1148 2917 accipientis,
1182 2853 1479 2912 invadentis,
1503 2855 1581 2902 vel

321 2945 444 2978 VOL.
470 2945 530 2978 ΙΙ.
1369 2944 1397 2977 C
1419 2944 1448 2977 C
