1982 3256
466 236 527 278 66
982 254 1051 286 DE
1080 254 1318 287 HOMINE.

210 373 337 454 suc}
357 375 408 407 11.
465 360 717 420 superficie
762 369 1009 427 utcunque
1052 366 1400 428 refringuntur,
1448 372 1707 428 antequam
1756 381 1836 413 ac-

221 446 411 493 »,Ὓᾳ,
465 433 639 481 cedant
663 436 726 483 ad
754 439 1058 500 superficiem
1094 441 1236 487 oculi.
1307 440 1436 487 Nam
1470 439 1521 486 in
1554 439 1658 501 ipso
1694 439 1834 488 oculo

464 507 586 555 radii
623 526 804 570 omnes,
845 520 1023 575 praeter
1059 530 1199 561 axem
1233 514 1464 577 opticum,
1505 513 1837 576 refringuntux

463 588 554 640 ter,
588 592 644 632 ut
676 601 821 648 supra
852 587 1149 635 declaratum
1173 596 1261 647 est,
1297 605 1472 651 nempe
1495 589 1546 635 in
1569 588 1724 636 tribus
1747 583 1837 637 hu-

464 659 694 718 moribus,
725 678 896 724 aqueo,
922 663 1202 726 crystallino
1227 672 1277 711 et
1299 664 1471 712 vitreo.

182 737 394 776 Perdioptrum
531 739 576 780 2.
616 735 667 782 Si
691 735 818 783 linea
848 745 984 784 recta
1006 738 1336 800 perspicillum
1373 737 1837 801 perpendiculariter

199 790 342 809 onvexum
356 792 396 810 ΥΕ-

180 791 448 904 {ffi‘ssfig'gffis'm
465 818 609 870 secet,
635 812 792 875 sitque
828 815 1103 877 superficies
1128 817 1229 878 ejus
1253 833 1351 863 una
1375 817 1566 878 quidem
1605 816 1837 878 sphaerice

179 910 449 960 dffansfuoptmpm
466 901 695 947 convexa,
713 889 866 937 altera
880 907 994 937 vero
1010 891 1085 938 vel
1101 892 1331 953 sphaerice
1351 908 1569 939 convexa
1585 891 1661 938 vel
1675 891 1835 954 plana,

177 958 448 1025 rssgfflffibffiheiss
466 971 807 1027 sumptumque
832 966 894 1012 sit
916 966 966 1012 in
991 982 1048 1013 ea
1066 974 1201 1013 recta
1217 974 1453 1029 punctum
1472 967 1680 1025 radianS,
1700 967 1837 1030 cujus

179 1042 448 1112 cgffiffinpgpaffeffi
463 1037 641 1097 radius,
678 1040 895 1087 incidens
929 1041 980 1087 in
1013 1049 1249 1103 punctum
1280 1042 1530 1104 quodlibet
1566 1041 1836 1104 superficiei

194 1128 256 1173 ‘ane
271 1125 447 1162 dioptrilon-
465 1112 644 1176 dioptri
666 1114 827 1177 ibique
856 1116 1108 1174 refractus,
1134 1123 1264 1163 secet
1288 1117 1491 1164 eandem
1515 1125 1700 1164 metam
1722 1132 1835 1179 pro'

226 1172 339 1196 ssecat.
464 1187 637 1236 duetus
674 1205 732 1236 ex
773 1190 924 1237 altera
957 1199 1094 1253 parte
1137 1192 1345 1254 dioptri;
1387 1192 1550 1239 radius
1586 1209 1616 1239 a
1650 1199 1833 1254 puncto

179 962 198 988 ’Ὁ

177 1047 197 1075 Ὅ

173 1133 223 1204 Ἑῆ

461 1264 678 1325 quolibet
712 1265 926 1327 ejusdem
949 1275 1096 1313 rectae
1119 1267 1528 1329 perpendicularis
1558 1266 1832 1325 remotiore,

458 1338 694 1386 refractus
717 1340 766 1387 in
791 1341 961 1387 eodem
995 1351 1178 1403 puncto
1204 1342 1396 1405 dioptri,
1422 1342 1605 1389 secabit
1629 1341 1832 1389 eandem

457 1414 905 1475 perpendicularem
931 1433 989 1463 ex
1023 1417 1177 1463 altera
1199 1424 1339 1479 parte
1363 1417 1542 1479 dioptri
1564 1417 1779 1479 propius.

525 1488 784 1550 Dioptrum
816 1490 861 1536 A
877 1490 917 1536 B
947 1491 1017 1551 (in
1040 1491 1197 1553 figura
1218 1492 1390 1554 prima)
1414 1500 1544 1538 secet
1567 1498 1701 1538 recta
1733 1491 1772 1538 C
1786 1492 1830 1539 D

456 1564 920 1626 perpendiculariter
954 1566 1003 1612 in
1038 1566 1077 1612 E
1103 1574 1149 1612 et
1175 1567 1225 1624 F,
1252 1573 1591 1628 sumptumque
1613 1565 1664 1613 in
1688 1581 1745 1613 ea
1768 1566 1831 1613 sit

455 1646 689 1700 punctum
727 1639 784 1697 G,
827 1656 856 1686 a
894 1656 989 1702 quo
1030 1640 1194 1687 radius
1241 1641 1282 1687 G
1299 1641 1346 1687 H
1385 1640 1570 1687 incidat
1602 1640 1653 1687 in
1693 1649 1830 1688 ante-

455 1714 632 1761 riorem
668 1716 972 1777 superficiem
1004 1715 1182 1778 dioptri
1206 1716 1269 1762 ad
1295 1715 1341 1763 H
1366 1737 1377 1770 ;
1414 1716 1570 1777 sitque
1594 1715 1828 1762 refractus

453 1790 610 1852 primo
626 1790 689 1837 ad
706 1791 744 1848 Ι,
761 1798 810 1837 et
828 1790 940 1838 inde
959 1791 1022 1838 ad
1038 1798 1274 1853 punctum
1291 1791 1361 1838 M.
1416 1791 1645 1838 Sumatur
1663 1806 1828 1838 rursus

455 1865 587 1911 aliud
620 1872 856 1927 punctum
882 1866 920 1912 C
943 1866 1192 1924 remotius,
1218 1883 1247 1913 a
1272 1882 1368 1928 quo
1402 1866 1566 1913 radius
1603 1865 1642 1912 C
1664 1865 1710 1912 H
1753 1881 1829 1912 re-

454 1940 635 1987 fractus
660 1940 723 1987 sit
746 1940 808 1987 ad
831 1941 885 1998 L,
911 1947 959 1987 et
993 1940 1105 1988 inde
1141 1941 1204 1988 ad
1235 1941 1295 1988 D.
1365 1941 1487 1988 Dico
1510 1948 1748 2003 punctum
1782 1941 1826 1988 D

452 2015 650 2077 propius
675 2031 777 2062 esse
802 2010 994 2077 dioptro
1020 2032 1165 2078 quam
1188 2023 1422 2078 punctum
1447 2015 1516 2062 M.

522 2090 766 2138 Quoniam
783 2091 911 2137 enim
936 2090 977 2137 G
994 2092 1057 2148 Η,
1084 2091 1122 2137 C
1141 2091 1186 2137 H
1214 2098 1509 2138 concurrunt
1531 2089 1582 2136 in
1602 2089 1666 2148 H,
1686 2089 1827 2138 cadet

454 2165 661 2212 refracta
699 2165 824 2211 radii
866 2165 905 2211 C
923 2166 971 2211 H
1010 2166 1139 2212 inter
1179 2165 1437 2212 refractam
1477 2164 1600 2211 radii
1635 2164 1676 2211 G
1692 2165 1739 2211 H
1777 2171 1826 2212 et

452 2239 899 2302 perpendicularem
941 2240 978 2287 C
994 2240 1037 2286 D
1057 2259 1067 2286 :
1114 2248 1373 2302 propterea
1423 2238 1554 2302 quod
1599 2239 1824 2286 refractio

453 2315 719 2374 amborum,
739 2322 839 2362 tam
857 2315 908 2362 in
929 2315 1120 2378 dioptro
1140 2332 1284 2377 quam
1299 2322 1413 2376 ante
1433 2321 1481 2361 et
1503 2329 1628 2376 pone
1647 2314 1823 2376 ipsum,

452 2389 503 2436 in
545 2389 715 2437 eodem
755 2391 813 2437 fit
852 2390 1027 2437 medio.
1098 2390 1293 2437 Secabit
1332 2390 1482 2452 igitur
1521 2388 1683 2436 radius
1724 2390 1822 2437 LD

451 2465 901 2527 perpendicularem
934 2465 972 2511 C
991 2466 1033 2512 D
1058 2465 1185 2512 inter
1210 2466 1262 2511 M
1288 2472 1337 2512 et
1360 2466 1411 2511 F.
1481 2463 1682 2525 Propius
1706 2479 1822 2527 ergo

452 2547 526 2586 est
561 2540 753 2602 dioptro
787 2546 1024 2602 punctum
1047 2540 1091 2587 D
1118 2557 1262 2603 quam
1295 2547 1531 2602 punctum
1554 2539 1624 2586 M.
1677 2538 1822 2586 Quod

452 2622 555 2661 erat
577 2615 897 2677 probandum.

517 2690 800 2737 Notandum
836 2698 998 2738 autem
1038 2697 1126 2747 est,
1163 2689 1293 2753 quod
1329 2689 1368 2736 si
1405 2687 1724 2734 determinata
1760 2688 1822 2735 sit

449 2764 687 2826 positione
701 2766 829 2812 linea
843 2766 941 2813 GH
952 2766 974 2812 Ι
984 2766 1053 2824 Μ,
1073 2771 1411 2827 sumptumque
1426 2762 1495 2809 ita
1509 2761 1571 2808 sit
1584 2769 1820 2824 punctum

450 2839 502 2896 C,
527 2845 581 2885 ut
604 2840 643 2886 E
661 2839 713 2898 C,
738 2841 776 2887 F
790 2841 843 2887 M
879 2840 976 2888 sint
998 2839 1222 2902 aequales,
1246 2837 1410 2885 radius
1446 2837 1619 2884 ductus
1644 2853 1673 2884 a
1697 2837 1735 2884 C
1758 2837 1822 2884 ad
