1994 3276
469 257 540 291 DE
567 255 934 290 NECESSARIIS
960 254 1034 287 AD
1063 254 1339 289 SALUTEM.
1496 244 1593 287 425

198 377 420 418 mentum
443 369 523 428 sit,
547 385 709 433 neque
743 367 827 416 alii
857 366 1180 415 fundamento
1222 367 1326 429 ipse
1355 366 1597 414 innitatur
1638 387 1764 419 SECT,
1786 386 1855 418 111,

203 446 406 508 (Matth.
430 446 560 493 xxiv.
587 451 668 503 23,
694 445 779 507 24)
802 463 813 491 :
851 442 909 490 Si
932 442 1044 507 quis
1067 442 1206 490 vobis
1225 442 1448 490 dixerit:
1484 457 1598 489 ecce
1724 438 1773 468 ¹⁸·

1653 484 1843 507 ,ῆ-..κ

199 522 282 570 hic
299 527 378 570 est
406 521 639 568 Christus
664 526 752 568 aut
775 519 901 578 illic,
925 518 1082 567 nolite
1105 518 1315 566 eredere
1333 536 1350 565 .·
1385 523 1598 582 surgent
1616 533 1710 561 Exeo
1723 532 1802 570 quod
1816 532 1853 559 sit

0 599 11 659 j}
64 633 68 636 ψ
200 598 328 647 enim
360 595 798 663 pseudo-Christi,
824 602 874 643 et
900 594 1400 660 pseudo-prophetae,
1435 599 1485 640 et
1509 593 1598 640 da·
1614 577 1843 648 Ξᾚῖῗῗωωῑωῃ

0 666 4 693 ”
202 673 321 722 bunt
350 672 504 738 signa
529 688 732 737 magna,
757 681 852 719 etc.
923 671 997 718 Ex
1030 685 1127 733 quo
1153 669 1374 732 sequitur
1396 676 1599 732 propter

199 749 521 813 fidem-hujus
545 748 756 807 articuli,
776 747 1055 811 negandam
1073 762 1178 794 esse
1201 746 1350 794 fidem
1374 746 1526 809 signis
1551 753 1601 793 et

199 824 438 889 prodigiis
480 824 606 886 (Gal.
640 824 671 872 i.
711 826 791 886 8):
846 823 994 871 Licet
1028 839 1134 879 nos,
1167 829 1254 871 aut
1289 821 1503 887 angelus
1538 822 1602 870 de

202 900 342 960 coelo,
367 901 439 949 ait
462 900 746 964 Apostolus,
763 899 1075 965 evangelizet
1097 898 1234 947 vobis
1249 905 1603 963 praeterquam

201 977 340 1041 quod
359 976 810 1041 evangelizavimus
833 975 987 1034 vobis,
1012 975 1279 1023 anathema
1316 974 1400 1022 sit.
1469 974 1602 1036 Ergo

201 1060 405 1117 propter
426 1053 560 1101 hunc
598 1052 859 1100 articulum
896 1051 1126 1116 neganda
1163 1058 1295 1099 esset
1324 1050 1447 1098 fides
1483 1049 1602 1113 ipsis

203 1129 436 1193 apostolis
459 1135 510 1176 et
535 1128 738 1193 angelis,
762 1135 884 1191 puto
921 1143 1039 1191 ergo
1078 1135 1128 1175 et
1159 1127 1393 1185 ecclesiae,
1420 1126 1461 1174 si
1485 1142 1603 1174 con-

203 1206 412 1254 trarium
431 1205 683 1253 docerent.
743 1204 1058 1262 Charissimi,
1084 1204 1254 1262 nolite,
1279 1204 1440 1267 inquit
1463 1218 1603 1250 sanc-

202 1289 283 1330 tus
322 1282 590 1340 Johannes,
631 1281 676 1341 (1
701 1281 814 1329 Joh.
831 1281 918 1342 iv.)
963 1281 1093 1328 omni
1129 1280 1340 1345 spiritui
1378 1279 1604 1338 eredere,

203 1357 300 1406 sed
327 1356 552 1422 probate
593 1356 811 1421 spiritus
848 1356 895 1403 si
936 1373 999 1404 ex
1036 1356 1147 1403 Deo
1189 1356 1292 1404 sint
1307 1374 1326 1411 ;
1373 1355 1606 1420 quoniam

205 1433 348 1482 multi
378 1432 866 1499 pseudo-prophetae
901 1432 1135 1479 exierunt
1170 1432 1221 1479 in
1256 1431 1517 1480 mundum:
1554 1431 1606 1478 in

204 1509 298 1558 hoc
321 1509 644 1574 cognoscitur
670 1508 900 1573 Spiritus
923 1508 1025 1555 Dei
1045 1526 1063 1562 ;
1099 1508 1255 1556 omni-s·
1279 1507 1496 1572 spiritus
1519 1506 1607 1572 qui

205 1585 469 1648 confitetur
491 1585 520 1633 J
526 1600 678 1633 ESUM
699 1585 998 1633 CHRISTUM
1025 1599 1264 1632 VENISSE
1286 1585 1337 1631 z'n
1355 1600 1523 1642 earne,
1544 1600 1607 1631 ex

206 1662 318 1710 Deo
364 1668 458 1718 est,
506 1668 600 1708 etc.
684 1661 772 1708 Est
818 1677 936 1724 ergo
979 1661 1214 1708 articulus
1253 1661 1335 1708 ille
1376 1675 1609 1708 mensura

207 1737 484 1802 spirituum,
528 1737 800 1784 secundum
842 1753 991 1799 quam
1037 1737 1306 1785 auctoritas
1347 1737 1609 1785 doctorum

206 1813 285 1862 vel
319 1813 557 1876 recipitur
578 1813 657 1860 vel
680 1813 914 1876 rejicitur.
952 1813 1138 1876 Negari
1163 1813 1360 1876 quidem
1383 1829 1483 1862 non
1518 1830 1609 1876 po-

209 1895 324 1948 test,
346 1889 466 1952 quin
489 1905 519 1936 a
542 1888 828 1937 doctoribus
853 1889 1115 1937 didicerint
1140 1906 1326 1949 omnes,
1353 1891 1437 1954 qui
1460 1890 1608 1938 hodie

210 1964 475 2014 Christiani
507 1972 639 2023 sunt,
663 1964 813 2012 fuisse
848 1966 877 2013 J
882 1980 1052 2024 ESUM,
1079 1966 1164 2029 qui
1188 1982 1246 2014 ea
1277 1967 1442 2014 omnia
1475 1966 1608 2025 fecit,

211 2041 389 2104 quibus
428 2039 657 2088 Christus
699 2055 805 2087 esse
843 2048 1209 2104 agnosceretur.
1281 2043 1397 2090 Non
1443 2049 1611 2090 tamen

211 2117 435 2181 sequitur
459 2116 659 2164 eosdem
678 2117 939 2165 articulum
957 2117 1095 2165 illum
1112 2117 1394 2166 doctoribus
1410 2118 1611 2166 credere

210 2193 288 2241 vel
312 2192 546 2250 ecclesiae,
566 2192 652 2240 sed
680 2193 775 2255 ipsi
798 2194 827 2241 J
830 2209 930 2240 esu.
980 2194 1101 2241 Erat
1121 2194 1251 2242 enim
1268 2195 1350 2242 ille
1374 2194 1612 2243 articulus

211 2269 428 2317 eeclesia
453 2269 733 2317 Christiana
768 2270 918 2332 prior,
944 2270 1035 2318 etsi
1060 2271 1226 2319 caeteri
1257 2288 1426 2319 omnes
1448 2278 1613 2335 poste-

211 2345 367 2392 riores
400 2344 602 2392 fuerint.
672 2345 735 2392 Et
759 2346 962 2405 (Matth.
987 2347 1085 2394 xvi.
1118 2348 1197 2409 18)
1227 2348 1442 2395 eeclesia
1467 2363 1614 2411 super

212 2420 367 2479 illum,
426 2437 526 2468 non
583 2420 663 2468 hic
724 2437 870 2484 super
926 2422 1188 2470 ecelesiam
1243 2423 1477 2472 fundatus
1524 2431 1612 2473 est.

213 2496 474 2554 Praeterea,
498 2496 571 2543 ita
594 2505 669 2543 est
693 2496 928 2545 articulus
956 2497 1053 2556 ille,
1085 2498 1234 2546 Jesus
1259 2506 1337 2547 est
1364 2499 1612 2560 ChristuS,

212 2572 610 2631 fimdamentalis,
647 2580 703 2620 ut
743 2574 911 2621 caeteri
942 2590 1111 2623 omnes
1137 2575 1364 2624 dicantur
1387 2592 1418 2624 a
1442 2583 1613 2624 sancto

215 2649 366 2696 Paulo
393 2648 449 2710 (l
481 2648 594 2696 Cor.
619 2647 687 2695 iii.
720 2654 794 2707 ll,
835 2654 908 2707 12,
942 2651 1056 2712 etc.)
1089 2651 1160 2698 illi
1200 2651 1612 2715 superaedificari:

213 2723 603 2773 Fundamentum
623 2723 770 2772 aliud
780 2741 917 2772 nemo
937 2732 1109 2790 potest
1122 2743 1317 2791 ponere
1331 2734 1528 2792 proeter
1544 2727 1614 2786 id,

216 2800 353 2865 quod
377 2800 601 2865 positum
626 2807 718 2858 est,
763 2801 900 2864 quod
934 2808 1011 2848 est
1047 2801 1196 2849 ‹Iesu-5·
1239 2802 1472 2851 Christus
1501 2804 1616 2865 (hoc

218 2884 308 2936 est,
334 2875 483 2924 ‹Iesu-s·
509 2883 587 2924 est
615 2875 868 2939 Christus)
891 2895 908 2931 ,·
945 2877 991 2924 si
1014 2878 1127 2942 quis
1153 2886 1317 2927 autem
1340 2881 1618 2945 superaedi-
