2020 3262
495 237 589 280 304
849 213 853 218 ’
1027 250 1329 287 IMPERIUM.

228 372 353 404 sacr.
380 374 447 408 111.
492 354 700 417 qualiter
739 357 1066 420 imponuntur.
1137 361 1283 410 Quod
1306 361 1435 408 enim
1471 361 1692 409 omnibus
1709 362 1867 411 'simul

247 469 251 476 .
317 425 368 455 13‘
428 472 433 480 ,
491 429 595 478 leve
619 447 741 479 onus
765 440 855 490 est,
878 433 921 480 si
943 434 1084 482 multi
1108 451 1158 482 se
1174 435 1479 494 subtrahunt,
1500 436 1687 484 caeteris
1704 453 1866 500 grave,

491 505 589 553 imo
635 505 937 555 intolerabile
974 509 1081 556 erit.
1153 510 1322 572 Neque
1358 510 1578 558 homines
1613 518 1716 559 tam
1747 528 1866 561 onus

490 578 650 642 ipsum
687 596 834 643 quam
871 581 1247 644 inaequalitatem
1278 584 1492 646 graviter
1528 585 1656 632 ferre
1690 586 1865 635 solent.

489 654 705 703 Maxima
727 656 855 703 enim
879 658 1140 705 ambitione
1165 658 1224 705 de
1248 659 1552 707 immunitate
1571 667 1798 720 certatur,
1817 671 1867 709 et

488 729 538 776 in
575 746 631 777 eo
655 732 916 779 certamine
940 733 1098 780 minus
1122 733 1285 781 felices
1325 734 1479 796 magis
1502 734 1723 783 felicibus
1757 742 1866 784 tan-

488 821 634 867 quam
657 806 775 853 victi
808 806 1041 854 invident.
1111 808 1189 855 Ad
1228 808 1495 856 tollendam
1535 825 1651 873 ergo
1683 811 1866 873 justam

488 880 853 941 querimoniam,
880 882 1052 944 quietis
1087 883 1292 945 publicae
1329 884 1548 942 interest,
1568 891 1618 932 et
1639 901 1727 948 per
1748 901 1866 934 con—

488 970 693 1018 sequens
716 956 779 1003 ad
802 957 1011 1004 officium
1033 958 1245 1020 pertinet
1267 958 1620 1021 imperantium,
1638 967 1695 1008 ut
1718 976 1866 1009 onera
1926 971 1930 974 ’

486 1030 680 1092 publica
703 1031 952 1092 aequaliter
974 1032 1207 1080 ferantur.
1244 1034 1496 1092 Praeterea,
1515 1051 1626 1082 cum
1649 1035 1714 1094 id,
1734 1036 1865 1098 quod

486 1120 515 1151 a
560 1105 743 1152 civibus
789 1106 841 1152 in
880 1107 1127 1169 publicum
1162 1108 1426 1167 confertur,
1470 1109 1590 1158 nihil
1625 1110 1756 1158 aliud
1801 1109 1864 1158 sit

485 1186 663 1241 praeter
686 1188 862 1242 emptae
884 1182 1017 1244 pacis
1040 1183 1265 1244 pretium,
1290 1183 1489 1231 rationis
1513 1192 1601 1242 est,
1623 1192 1680 1232 ut
1706 1185 1756 1244 ii,
1780 1186 1863 1248 qui

486 1269 622 1315 aeque
644 1271 813 1316 pacem
842 1257 1149 1320 participant,
1174 1250 1336 1321 aequas
1359 1266 1521 1321 partes
1558 1260 1761 1319 solvant,
1785 1261 1864 1308 vel

483 1329 712 1390 pecunias
735 1330 812 1377 vel
836 1346 1003 1393 operas
1026 1333 1303 1395 reipublicae
1327 1335 1692 1383 contribuendo.
1761 1335 1862 1383 Lex

484 1411 648 1451 autem
682 1405 915 1451 naturalis
955 1414 1042 1464 est,
1082 1423 1168 1469 per
1202 1408 1460 1462 articulum
1501 1409 1857 1471 quindecimum

484 1478 655 1541 capitis
671 1479 819 1538 tertii,
835 1481 1178 1543 unusquisque,
1194 1482 1244 1528 in
1258 1483 1368 1544 jure
1386 1483 1492 1530 aliis
1506 1483 1858 1544 distribuendo,

484 1553 707 1600 omnibus
748 1554 982 1616 aequalem
1019 1570 1068 1602 se
1100 1556 1316 1618 praebeat
1331 1578 1343 1612 ;
1379 1573 1526 1619 quare
1549 1559 1857 1621 imperantes,

482 1635 539 1674 ut
575 1643 724 1675 onera
747 1628 955 1675 civitatis
981 1629 1164 1677 civibus
1188 1631 1436 1693 aequaliter
1461 1632 1727 1695 imponant,
1750 1634 1858 1698 lege

481 1703 691 1751 naturali
714 1703 1006 1766 obligantur.

201 1797 360 1834 AEquitatis
373 1806 421 1825 na.
552 1784 625 1825 ll.
660 1778 929 1840 AEqualitas
965 1786 1127 1826 autem
1165 1780 1257 1828 hoc
1288 1781 1394 1828 loco
1435 1780 1721 1846 intelligitur
1758 1801 1857 1833 non

201 1840 433 1873 ²¹¹“²¹³⁵e⁵⁸‘³'¹¹t
478 1854 714 1915 pecuniae,
740 1853 826 1900 sed
849 1854 1023 1913 oneris,
1048 1855 1141 1902 hoc
1166 1863 1252 1914 est,
1286 1856 1535 1918 aequalitas
1558 1858 1759 1906 rationis
1783 1859 1856 1907 in-

200 1884 330 1919 pecuniae
354 1888 450 1911 taxen-

200 1930 329 2006 {3231ng
331 1926 463 2006 {ggigsssss-
480 1935 556 1975 ter
579 1944 727 1975 onera
745 1936 794 1975 et
816 1929 1064 1976 beneficia.
1136 1930 1441 1993 Quamquam
1462 1932 1590 1979 enim
1611 1949 1731 1996 pace
1754 1950 1856 1982 om-

199 2020 256 2048 que
270 2013 424 2061 consumit,
480 2018 565 2050 nes
587 2003 839 2064 aequaliter
860 2003 1099 2063 fruantur,
1123 2021 1223 2052 non
1247 2013 1410 2053 tamen
1432 2007 1666 2055 beneficia
1687 2024 1716 2056 a
1737 2025 1855 2072 pace

197 2056 702 2125 nonquaemdet.omnibus
741 2078 945 2140 aequalia
981 2087 1108 2126 sunt.
1178 2080 1306 2128 Nam
1329 2081 1410 2128 alii
1445 2082 1568 2144 plus,
1593 2083 1675 2130 alii
1697 2084 1854 2132 minus

476 2153 714 2200 bonorum
738 2154 1011 2215 acquirunt.
1080 2155 1143 2202 Et
1166 2171 1331 2204 rursus
1355 2157 1435 2204 alii
1457 2158 1580 2220 plus,
1598 2158 1679 2205 alii
1694 2159 1853 2207 minus

478 2234 783 2275 consumunt.
856 2229 1022 2277 Quaeri
1044 2230 1194 2293 igitur
1216 2238 1392 2294 potest,
1413 2249 1475 2280 an
1494 2233 1700 2281 debeant
1722 2234 1851 2283 cives

475 2303 526 2349 in
559 2303 807 2365 publicum
843 2305 1150 2352 contribuere
1188 2322 1278 2369 pro
1308 2307 1494 2355 ratione
1527 2323 1708 2367 eorum,
1744 2325 1851 2372 quae

474 2378 740 2436 lucrantur,
765 2394 827 2425 an
862 2394 1028 2426 eorum
1064 2396 1172 2443 quae
1207 2389 1511 2441 consumunt,
1542 2383 1634 2430 hoc
1674 2391 1762 2442 est,
1787 2400 1850 2432 an

474 2468 693 2514 personae
718 2453 873 2500 taxari
898 2454 1120 2514 debeant,
1145 2463 1201 2503 ut
1222 2473 1311 2518 pro
1343 2458 1530 2505 ratione
1554 2474 1697 2520 opum
1733 2475 1849 2507 con·
1881 2460 1884 2462 ’

473 2527 707 2586 tribuant,
733 2544 795 2575 an
827 2544 904 2575 res
940 2529 1074 2591 ipsae,
1116 2538 1171 2578 ut
1208 2532 1486 2579 contribuat
1523 2532 1723 2595 quisque
1758 2550 1846 2596 pro

472 2603 661 2650 ratione
685 2620 853 2651 eorum
876 2620 984 2666 quae
1009 2607 1264 2654 consumit.
1304 2607 1399 2655 Sed
1421 2607 1461 2654 si
1476 2607 1845 2667 consideremus,

472 2678 554 2724 ubi
578 2679 798 2740 pecuniae
822 2679 1137 2728 conferuntur
1159 2697 1248 2744 pro
1272 2682 1457 2729 ratione
1482 2698 1642 2744 opum,
1662 2683 1729 2730 ibi
1748 2699 1844 2743 eos,

469 2753 555 2813 qui
589 2754 794 2816 aequalia
829 2754 1003 2802 lucrati
1043 2763 1170 2814 sunt,
1216 2773 1315 2805 non
1349 2757 1549 2819 aequalia
1583 2759 1843 2820 possidere,
