2020 3262
363 242 435 275 DE
463 241 654 276 REGNo
682 242 777 275 Dm
805 242 912 275 PER
940 242 1166 276 PAc'rUM
1194 244 1392 278 VETUS.
1478 234 1575 278 363

176 355 425 404 Aaronem
453 372 698 404 summum
732 354 1054 411 sacerdotem,
1077 354 1395 403 manifestum
1419 362 1495 404 est
1517 372 1578 404 ex
1616 379 1747 411 SECT,
1763 378 1838 411 111,

177 431 323 480 simili
365 432 701 481 controversia
741 433 872 480 inter
911 431 1073 516 ipsum
1117 447 1218 478 una
1264 447 1378 479 cum
1418 432 1579 480 Maria
1705 430 1754 461 ¹⁶·

1631 474 1824 499 »Ὗ-κ

176 523 360 567 sorore,
386 515 436 556 et
459 509 650 557 Mosen.
722 507 943 558 Quaestio
968 507 1100 554 enim
1125 515 1231 554 erat
1256 523 1320 554 an
1340 507 1472 555 Deus
1490 523 1579 571 per
1597 523 1639 551 Po
1640 527 1683 551 tes
1683 522 1825 551 tatemin

177 582 356 631 Mosen
391 584 550 632 solum
583 585 813 648 loquutus
841 583 1006 642 fuerit,
1031 599 1096 631 an
1131 582 1281 630 etiam
1314 598 1404 646 per
1431 583 1578 646 ipsos,
1596 570 1676 638 ῗζξῖ
1676 566 1851 643 {affffltm

175 659 272 707 hoc
307 667 398 719 est,
430 676 495 708 an
532 660 662 708 solus
699 661 879 719 Moses,
905 676 968 708 an
1004 659 1152 707 etiam
1186 659 1280 722 ipsi
1314 658 1455 706 verbi
1477 659 1581 706 Dei
1598 655 1846 730 ζζζζᾞοζξ

177 735 489 802 interp-retes
514 745 691 786 essent.
763 737 843 785 Sic
875 736 1006 784 enim
1031 736 1262 784 dixerunt
1300 735 1472 796 (Num
1495 734 1580 782 xii.
1598 740 1824 818 11ῐῇζὲἢῇ
1820 749 1866 767 ⁸⁸⁰

177 813 269 875 2):
299 811 432 860 Num
441 829 545 878 per
563 813 743 861 Mosen
763 813 995 878 loquutus
1010 819 1086 861 est
1104 812 1392 860 Dominus?
1423 828 1582 859 nonne
1599 827 1716 855 viveret.

177 894 231 936 et
257 887 399 936 nobi-s·
425 889 664 937 similiter
687 889 919 954 loquutus
951 893 1072 938 est?
1144 889 1279 937 Deus
1302 896 1470 937 autem
1491 889 1582 936 hos

176 963 467 1028 increpavit,
492 964 814 1028 distinxitque
849 965 979 1013 inter
1013 965 1194 1013 Mosen
1229 971 1279 1013 et
1314 965 1435 1013 alios
1455 981 1583 1030 pro-

167 1040 360 1105 phetas
411 1041 584 1103 (Num.
625 1041 710 1088 xii.
742 1047 790 1100 6,
829 1047 875 1101 7,
913 1041 964 1103 8)
987 1060 998 1089 z
1049 1041 1108 1088 Si
1153 1041 1268 1106 quis
1307 1041 1577 1105 (inquiens)

157 1115 338 1180 fuerit
360 1116 494 1164 inter
517 1132 602 1164 vos
620 1117 897 1181 propheta,
923 1117 974 1165 in
1009 1116 1199 1165 visione
1231 1117 1494 1182 apparebo
1518 1117 1582 1174 ei,

176 1191 259 1239 vel
263 1208 375 1257 per·
385 1192 620 1240 somnium
638 1192 820 1257 loquar
838 1193 912 1241 ad
928 1193 1082 1241 illum.
1131 1193 1206 1242 At
1222 1210 1317 1241 non
1336 1193 1460 1242 talis
1478 1210 1585 1241 ser-

177 1283 266 1315 vus
288 1284 422 1316 meus
440 1267 630 1328 Mose-5⁸,
655 1276 750 1317 etc.
826 1268 928 1317 Ore
951 1269 1079 1317 enim
1094 1270 1168 1317 ad
1182 1286 1238 1316 os
1257 1269 1436 1334 loquor
1453 1270 1517 1329 ei,
1533 1277 1584 1318 et

167 1343 366 1408 palam,
390 1349 442 1391 et
474 1360 569 1391 non
593 1360 698 1409 per
723 1345 1000 1410 aenigmata
1024 1353 1075 1393 et
1081 1347 1296 1411 figuras
1320 1346 1584 1394 Dominum

175 1419 329 1468 videt.
385 1419 556 1476 Quare
575 1437 702 1486 ergo
726 1438 822 1469 non
842 1421 1081 1470 timuistis
1101 1425 1130 1470 ἓ)
1165 1429 1261 1470 etc.
1314 1422 1583 1481 Postremo,

178 1495 312 1560 quod
347 1495 709 1562 interpretatio
744 1497 885 1545 verbi
919 1498 1040 1557 Dei,
1063 1498 1259 1546 vivente
1295 1498 1453 1557 Mose,
1482 1515 1584 1546 non
1654 1547 1659 1552 ,

177 1572 327 1620 fuerit
343 1588 496 1636 penes
513 1574 780 1636 prophetas
799 1574 920 1622 alios
941 1590 1276 1638 quoscunque,
1296 1590 1356 1622 ex
1377 1590 1435 1622 eo
1450 1575 1586 1623 colli-

177 1648 329 1712 gitur,
355 1648 490 1712 quod
507 1651 612 1712 jam
636 1650 893 1698 citavimus
919 1650 980 1698 de
1004 1651 1295 1698 excellentia
1318 1652 1422 1714 ejus
1441 1666 1588 1714 super

179 1740 350 1772 omnes
373 1725 524 1779 alios;
561 1732 611 1774 et
634 1741 694 1773 ex
717 1726 909 1774 ratione
933 1727 1161 1786 naturali,
1188 1726 1586 1790 quandoquidem

180 1800 400 1864 ejusdem
414 1802 669 1865 prophetae
687 1809 776 1861 est,
796 1802 1030 1850 mandata
1045 1803 1137 1850 Dei
1155 1810 1205 1850 et
1218 1802 1348 1851 ferre
1364 1810 1414 1850 et
1432 1803 1587 1867 expli-

180 1893 294 1925 care
310 1898 323 1933 ;
348 1877 483 1926 aliud
500 1887 666 1926 autem
680 1878 880 1926 verbum
899 1879 1002 1927 Dei
1021 1887 1141 1927 tunc
1162 1896 1262 1927 non
1281 1886 1388 1927 erat
1403 1886 1588 1943 praeter

181 1952 319 2012 illud,
345 1953 482 2017 quod
513 1970 603 2018 per
630 1955 808 2002 Mosen
835 1955 1190 2003 annunciatum
1222 1964 1327 2011 est;
1364 1962 1415 2004 et
1443 1972 1504 2003 ex
1528 1972 1587 2004 eo

181 2029 345 2089 etiam,
384 2030 520 2093 quod
553 2031 796 2094 propheta
833 2047 892 2079 eo
926 2038 1148 2095 tempore
1186 2031 1310 2079 alius
1343 2032 1589 2080 exstiterit

180 2122 343 2165 nemo,
369 2106 453 2169 qui
483 2106 548 2154 ad
582 2107 819 2170 populum
848 2108 1236 2171 prophetaverit,
1268 2115 1449 2172 praeter
1479 2125 1589 2173 sep-

180 2182 408 2246 tuaginta
425 2182 656 2239 seniores,
674 2183 757 2246 qui
774 2199 865 2247 per
886 2183 1124 2248 spiritura
1144 2184 1299 2232 Mosis
1322 2185 1590 2249 propheta-

180 2265 377 2307 verunt.
448 2259 612 2323 Atque
635 2259 686 2307 id
711 2276 907 2323 quoque
938 2260 1119 2324 injuria
1144 2261 1332 2309 factum
1356 2261 1590 2309 credebat

180 2335 349 2394 Josua,
375 2335 529 2383 Mosis
565 2342 686 2383 tunc
721 2336 962 2395 minister,
986 2345 1103 2400 post.
1135 2353 1405 2397 successor,
1430 2337 1589 2386 donec

183 2411 523 2468 consentiente
552 2411 694 2459 Mose
725 2411 916 2460 factum
948 2413 1125 2461 sciret:
1162 2413 1216 2462 id
1243 2414 1376 2477 quod
1399 2430 1459 2461 ex
1482 2414 1590 2478 ipso

181 2495 326 2536 textu
366 2487 634 2551 Scripturae
686 2487 859 2550 (Num.
897 2488 964 2536 xi.
991 2490 1077 2551 25)
1128 2490 1446 2538 manifestum
1485 2497 1588 2538 est:

182 2563 467 2612 Descendit
479 2564 725 2612 Dominus
730 2580 835 2629 per
849 2565 1037 2626 nubem,
1047 2573 1141 2615 ete.
1151 2567 1391 2631 auferens
1407 2567 1471 2615 de
1483 2567 1592 2632 spi-

183 2640 306 2700 ritu,
329 2639 418 2705 qui
450 2646 566 2688 erat
595 2640 646 2688 in
669 2640 834 2700 Mose,
861 2647 912 2688 et
938 2641 1067 2689 dans
1090 2642 1425 2707 septuaginta
1447 2643 1590 2692 viris.

184 2715 451 2779 Postquam
481 2723 647 2764 autem
678 2717 967 2765 nunciatum
1000 2726 1143 2778 esset,
1168 2719 1303 2782 quod
1324 2719 1592 2783 propheta-

185 2798 312 2851 rent,
336 2791 462 2840 dixit
483 2793 513 2841 J
516 2809 638 2841 osua
660 2793 724 2841 ad
748 2794 927 2842 Mosen
949 2794 1118 2855 (Num.
1139 2795 1205 2844 xi.
1226 2798 1337 2858 28):
1376 2795 1592 2844 Domine

187 2867 269 2926 mi,
295 2868 514 2933 prohibe
550 2886 649 2917 eoa.
729 2870 895 2918 Moses
936 2878 1103 2919 autem
1144 2872 1415 2936 respondit,
1458 2872 1596 2929 Quid
