2020 3262
527 271 598 304 DE
625 269 864 306 ormcns
892 269 1311 304 IMPERANTIUM.
1512 261 1608 304 299

291 389 337 432 3.
373 383 465 431 Per
500 383 735 446 populum
770 380 1063 443 intelligitur
1098 380 1342 439 hocloco,
1366 397 1467 429 non
1502 397 1613 445 per-
1652 402 1781 436 ποτ,
1798 402 1868 435 111,

222 474 345 508 sona
366 475 465 507 una
487 458 656 518 civilis,
679 473 854 521 nempe
877 456 983 520 ipsa
1006 455 1175 504 civitas
1213 472 1323 519 quae
1359 457 1502 520 regit,
1527 457 1614 506 sed
1666 500 1671 509 ,
1741 454 1793 486 ¹³·
1853 500 1858 508 ‚

221 534 488 583 multitudo
511 534 690 582 civium
714 533 797 597 qui
819 540 1074 596 reguntur.
1146 531 1329 580 Civitas
1361 533 1490 580 enim
1513 550 1613 582 non
1631 543 1842 580 Imperantium

1629 591 1674 614 est
1686 586 1827 623 respicere
1844 584 1882 613 ad

223 610 315 670 sui,
340 610 428 659 sed
450 610 631 658 civium
654 625 800 658 causa
829 609 1055 657 instituta
1089 615 1180 657 est.
1250 609 1423 671 Neque
1446 615 1611 657 tamen
1630 629 1784 657 mmmmm
1797 628 1885 666 pum.

223 685 370 749 huju-s·
394 693 443 734 et
467 685 605 734 illius
620 685 745 733 ratio
768 684 994 732 habenda
1017 693 1106 732 est.
1175 684 1291 732 Non
1311 684 1442 732 enim
1460 685 1612 748 impe·
1630 680 1895 753 ξζζᾚᾞξζζῗζ,

222 778 364 822 rans,
377 769 616 826 quatenus
650 761 776 821 talis,
802 760 982 809 civium
1017 760 1162 808 saluti
1184 759 1327 808 aliter
1360 760 1612 823 prospicit,
1629 759 1709 787 ΜΒ
1728 759 1882 796 ΡΝΡΥΜ·

224 854 371 902 quam
404 853 493 902 per
538 838 686 902 leges,
734 853 844 901 quae
884 836 1182 885 universales
1228 843 1371 891 sunt;
1406 835 1615 899 ideoque

223 914 385 977 officio
426 913 674 972 satisfecit,
708 914 749 961 si
778 920 886 962 toto
925 920 1106 960 conatu
1141 911 1190 959 id
1232 911 1404 975 egerit,
1436 919 1493 960 ut
1528 928 1617 975 per

225 989 463 1038 salutares
482 989 856 1037 constitutiones
879 1004 1028 1051 quam
1062 987 1283 1051 plurimis
1305 994 1441 1035 recte
1464 987 1542 1047 sit,
1568 994 1618 1036 et

225 1081 370 1129 quam
409 1064 712 1119 diutissime3
747 1079 906 1126 neque
948 1063 1073 1111 male
1115 1063 1358 1127 cuiquam,
1395 1063 1489 1112 nisi
1530 1080 1618 1112 sua

225 1140 383 1204 culpa,
399 1146 485 1188 aut
507 1155 623 1187 casu
646 1139 725 1186 cui
756 1138 1003 1202 provideri
1025 1155 1127 1187 non
1149 1146 1392 1202 potuerat.
1461 1140 1618 1204 Expe-

224 1216 300 1264 dit
321 1223 487 1265 autem
509 1215 769 1278 aliquando
801 1215 946 1264 saluti
968 1215 1306 1279 plurimorum,
1331 1222 1388 1264 ut
1410 1216 1536 1264 male
1560 1215 1619 1264 iis

224 1291 288 1341 sit
311 1291 396 1356 qui
417 1290 534 1339 mali
557 1298 685 1339 sunt.

288 1373 337 1415 4.
374 1367 467 1415 Per
505 1366 717 1415 salutem
754 1374 920 1415 autem
959 1366 1168 1430 intelligi
1201 1367 1347 1415 debet
1378 1384 1480 1416 non
1515 1368 1619 1416 sola
1636 1382 1848 1436 persus-tem·

222 1443 337 1492 vitae
365 1442 768 1507 qualitercunque
797 1443 1117 1502 conservatio,
1141 1443 1227 1491 sed
1248 1451 1488 1506 quatenus
1512 1445 1619 1492 fieri
1634 1426 1870 1499 {Zffifflffffssmma

222 1525 387 1583 potest
416 1519 520 1567 vita
548 1519 707 1567 beata.
789 1519 919 1567 Nam
954 1535 1011 1567 eo
1052 1520 1149 1566 fine
1178 1520 1401 1568 homines
1431 1520 1483 1568 in
1506 1522 1625 1570 civi-

223 1602 351 1644 tates
374 1595 684 1643 institutivas
714 1602 887 1659 sponte
928 1595 1102 1655 coiere,
1134 1603 1191 1643 ut
1229 1604 1446 1659 possent,
1471 1613 1625 1661 quan-

224 1679 334 1720 tum
378 1670 597 1719 conditio
646 1670 744 1719 fert
787 1671 1017 1730 humana,
1053 1671 1408 1734 jucundissime
1444 1673 1624 1723 vivere.

226 1748 464 1806 Facerent
488 1762 606 1810 ergo
641 1746 691 1805 ii,
718 1747 803 1810 qui
835 1762 1079 1794 summum
1101 1746 1361 1810 imperium
1383 1748 1436 1796 in
1460 1765 1517 1798 eo
1540 1766 1627 1813 ge-

226 1838 345 1871 nere
384 1821 595 1871 civitatis
635 1822 1076 1870 administrandum
1115 1822 1167 1870 in
1208 1838 1258 1871 se
1292 1833 1626 1888 susceperunt,

228 1904 403 1947 contra
434 1897 595 1961 legem
625 1906 831 1956 naturae,
857 1898 970 1961 quia
998 1906 1170 1946 contra
1193 1898 1424 1948 fiduciam
1458 1917 1628 1950 eorum

230 1973 315 2037 qui
344 1972 536 2036 imperii
568 1972 1042 2021 administrationem
1075 1974 1144 2022 eis
1177 1975 1545 2036 commiserunt,
1587 1977 1628 2026 si

228 2065 330 2098 non
349 2048 618 2109 studerent,
639 2056 876 2113 quantum
895 2049 1084 2113 legibus
1098 2050 1205 2098 fieri
1222 2057 1403 2114 potest,
1418 2059 1476 2100 ut
1496 2053 1628 2102 cives

228 2124 372 2173 bonis
420 2125 660 2185 omnibus,
706 2141 806 2173 non
855 2125 920 2173 ad
963 2125 1117 2173 vitam
1153 2125 1316 2191 modo,
1357 2127 1445 2176 sed
1479 2129 1629 2177 etiam

230 2200 295 2249 ad
328 2199 703 2249 delectationem
739 2201 933 2249 abunde
969 2201 1291 2250 instruantur.
1372 2203 1472 2252 Qui
1510 2220 1628 2253 vero

230 2277 379 2326 armis
425 2277 631 2341 imperia
682 2277 1061 2341 acquisiverunt,
1108 2279 1311 2342 cupiunt
1357 2295 1526 2327 omnes
1571 2287 1630 2328 ut

183 2347 188 2349 ⁴
232 2353 416 2403 subditi
441 2353 532 2412 sui,
550 2353 734 2401 viribus
756 2361 858 2402 tam
882 2353 1032 2402 animi
1055 2370 1202 2417 quam
1225 2355 1442 2418 corporis
1465 2355 1630 2404 idonei

232 2430 331 2479 sint
365 2436 423 2477 ut
453 2429 570 2492 ipsis
607 2429 850 2485 serviant3
890 2445 1039 2492 quare
1065 2437 1239 2478 contra
1260 2431 1410 2479 finem
1435 2438 1484 2479 et
1522 2447 1629 2480 sco-

231 2521 355 2570 pum
379 2504 641 2568 'proprium
678 2505 911 2564 facerent,
940 2505 980 2552 si
1016 2521 1116 2553 non
1153 2514 1448 2554 conarentur
1482 2514 1539 2555 ut
1571 2508 1631 2556 iis

233 2598 334 2630 non
357 2581 503 2630 modo
528 2597 586 2629 ea
609 2581 783 2644 quibus
806 2582 985 2640 vivere,
1011 2582 1098 2630 sed
1116 2582 1266 2631 etiam
1281 2583 1457 2646 quibus
1479 2583 1631 2633 fortes

235 2674 339 2708 esse
361 2657 567 2722 possint,
593 2658 919 2721 praebeantur.

305 2741 351 2783 5.
387 2733 615 2797 Inprimis
631 2741 794 2782 autem
811 2733 875 2782 ad
892 2733 1104 2782 salutem
1119 2741 1352 2783 aeternam
1366 2735 1631 2799 plurimum
1649 2757 1799 2791 Quaermu
1817 2765 1855 2785 an

238 2811 471 2859 interesse
507 2809 752 2874 principes
784 2825 952 2858 omnes
990 2809 1213 2870 credunt,
1239 2811 1405 2874 quales
1441 2811 1502 2860 de
1525 2812 1630 2861 Deo
1647 2810 1749 2838 ΨΜ
1764 2801 1894 2828 ⁰ffi⁰³¹¹¹¹¹

1648 2846 1686 2873 sit
1699 2845 1787 2873 saluti
1807 2844 1915 2873 anima-

241 2892 498 2943 teneantur
524 2885 791 2949 opiniones,
817 2886 1067 2949 qualisque
1088 2886 1131 2934 ei
1151 2887 1309 2936 cultus
1329 2887 1627 2938 exhibeatur.
1648 2898 1713 2917 ‘¹¹¹¹'
1728 2888 1835 2917 “Mum
1849 2897 1895 2916 ⁸¹²⁴
