2020 3262
453 239 513 282 86
968 254 1037 286 DE
1065 255 1306 287 HOMINE.

205 381 332 413 sncr.
351 381 402 414 11,
454 360 555 408 sive
589 362 721 424 quod
755 363 894 410 oculo
924 365 1197 427 proximum
1222 372 1309 423 est,
1335 366 1371 413 F
1386 366 1428 413 G
1444 366 1491 412 H
1509 366 1548 424 Ι,
1582 366 1825 429 dioptrum

289 433 319 463 9.

454 442 617 483 autem
635 436 794 484 minus
817 438 1007 500 objecto
1031 439 1328 501 applicatum
1352 440 1414 486 sit
1433 441 1478 486 K
1495 440 1534 487 L
1550 440 1603 486 M
1619 440 1681 487 N.
1751 440 1826 488 Sit

191 525 378 563 Microseopii
395 535 437 555 m
447 513 546 575 jam
566 528 595 559 a
619 520 788 560 centro
811 514 983 561 retinae
1007 514 1050 561 D
1076 514 1222 561 ducta
1247 515 1289 562 D
1311 515 1375 572 H,
1401 531 1508 577 quae
1532 515 1594 562 sit
1618 514 1829 562 refracta

190 569 238 603 tio,
265 569 327 606 ejus
358 570 436 607 quod

191 613 373 649 componitur
400 622 437 640 ex
453 587 516 635 ad
539 588 590 645 F,
616 588 789 635 deinde
813 588 876 635 ad
900 589 960 646 K,
987 589 1159 636 deinde
1175 589 1238 636 ad
1253 591 1294 636 O
1310 590 1359 635 in
1379 589 1631 652 superficie
1646 589 1827 652 dioptri

191 706 245 726 con

281 708 311 726 :n

190 654 438 727 ὼωξξῗξίομήδ
454 664 508 710 Μ
524 663 566 710 O
583 663 646 721 Ν,
670 671 917 726 postremo
942 664 1004 711 ad
1029 664 1079 711 P.
1152 665 1399 720 Similiter,
1426 681 1483 711 ex
1509 665 1661 712 altera
1689 670 1827 726 parte

454 738 661 786 ducatur
674 738 887 786 refracta
902 739 945 786 D
963 739 985 786 Ι
1003 739 1043 786 G
1059 740 1098 786 L
1113 740 1155 787 Ο
1173 740 1234 798 Q,
1255 740 1412 802 sitque
1432 740 1678 802 objectum
1699 739 1735 787 P
1751 738 1826 794 Ως

453 813 706 876 apparebit
735 813 885 876 igitur
909 815 945 861 P
968 815 1018 861 in
1042 815 1214 862 visuali
1252 815 1296 862 D
1314 815 1361 861 H
1399 815 1666 877 producta:
1714 829 1828 877 pro-

453 887 658 935 ducatur
681 895 844 935 autem
869 889 912 935 D
930 889 977 935 H
1003 889 1066 935 ad
1100 905 1356 936 occursum
1379 889 1631 952 productae
1654 889 1691 936 P
1707 889 1754 938 Q
1776 888 1828 936 in

451 963 506 1010 T.
576 963 781 1026 Propter
804 963 1007 1011 eandem
1031 980 1226 1012 causam
1251 965 1502 1027 apparebit
1520 971 1756 1028 punctum
1781 963 1830 1012 Q

451 1038 503 1084 in
540 1038 711 1085 visuali
735 1039 817 1085 DI
842 1039 1114 1101 producta:
1150 1040 1448 1102 producatur
1482 1047 1645 1087 autem
1682 1039 1746 1087 ad
1766 1039 1826 1087 V.

450 1114 478 1160 J
482 1129 560 1160 am
583 1121 731 1161 rectae
754 1115 794 1160 E
810 1115 850 1161 T
867 1115 953 1161 fiat
987 1115 1186 1177 aequalis
1219 1121 1269 1162 et
1286 1115 1515 1178 parallela
1538 1115 1582 1162 D
1598 1115 1662 1172 X,
1686 1114 1829 1162 intel-

449 1188 723 1250 ligaturque
741 1189 790 1236 X
805 1190 848 1235 Y
871 1190 940 1236 ita
959 1205 1061 1236 esse
1081 1189 1244 1248 ducta,
1263 1198 1319 1237 ut
1336 1190 1576 1253 producta
1592 1189 1831 1236 incideret

451 1263 502 1309 in
544 1279 686 1310 axem
726 1265 941 1326 opticum
973 1265 1058 1312 GE
1088 1265 1151 1312 ad
1177 1273 1416 1328 punctum
1449 1264 1828 1320 evanescentiae3

451 1345 582 1384 secet
619 1346 781 1385 autem
806 1340 912 1386 XY
934 1340 1167 1387 visualem
1199 1341 1243 1387 D
1258 1341 1299 1388 T
1322 1341 1372 1388 in
1401 1348 1585 1403 puncto
1609 1340 1661 1387 Z.
1729 1339 1830 1402 Ap-

449 1413 640 1474 parebit
658 1413 809 1475 igitur
827 1414 864 1461 P
887 1414 938 1460 in
962 1415 998 1461 Z
1017 1434 1027 1461 :
1066 1415 1305 1477 ductaque
1329 1416 1365 1461 Z
1384 1434 1415 1461 α
1437 1414 1668 1478 parallela
1683 1420 1832 1461 rectae

450 1487 491 1533 T
505 1487 563 1545 V,
590 1495 639 1534 et
658 1495 853 1535 secante
878 1489 922 1536 D
938 1490 982 1536 V
1005 1490 1056 1536 in
1079 1509 1125 1548 α,
1159 1491 1412 1553 apparebit
1448 1497 1685 1553 punctum
1710 1489 1758 1537 Q
1779 1488 1830 1536 in

453 1581 498 1620 α,
525 1570 574 1610 et
599 1569 758 1610 totum
774 1564 1016 1626 objectum
1043 1565 1080 1611 P
1094 1566 1133 1612 E
1152 1565 1213 1623 Q,
1240 1565 1408 1612 ordine
1432 1565 1639 1623 inverso,
1654 1564 1706 1611 in
1727 1564 1765 1610 Z
1784 1582 1830 1611 α.

454 1637 523 1684 Ut
563 1645 726 1685 autem
763 1638 865 1685 sine
904 1639 1188 1686 confusione
1226 1639 1463 1697 videatur,
1494 1640 1565 1686 ita
1601 1639 1827 1686 collocari

453 1712 632 1759 debent
664 1713 858 1775 dioptra
892 1713 985 1761 FG
1009 1720 1057 1760 et
1080 1714 1134 1760 M
1151 1714 1214 1772 N,
1240 1721 1295 1761 ut
1330 1731 1360 1761 a
1396 1714 1612 1777 quolibet
1645 1721 1828 1776 puncto

453 1787 646 1850 obJecti,
671 1794 727 1834 ut
746 1788 796 1846 P,
821 1787 945 1835 radii
977 1788 1072 1835 duo
1111 1798 1361 1848 exeuntes,
1392 1796 1449 1836 ut
1474 1790 1594 1847 PM,
1619 1789 1734 1847 ΡΝ,
1757 1789 1830 1837 ita

452 1862 784 1924 refringantur
845 1871 903 1910 ut
951 1880 1063 1912 cum
1118 1865 1339 1912 venerint
1394 1864 1457 1912 ad
1525 1865 1828 1928 superficiem

453 1937 634 1999 dioptri
657 1938 694 1984 F
721 1938 776 1996 G,
801 1938 1005 1985 tendant
1036 1938 1098 1985 ad
1128 1939 1321 1986 oculum
1352 1939 1623 2002 parallelis,
1660 1939 1828 1987 saltem

453 2012 615 2074 quoad
638 2029 847 2071 sensum,
870 2021 927 2060 ut
950 2014 1063 2061 inde
1081 2014 1279 2061 refracti
1296 2022 1587 2062 concurrant
1604 2015 1654 2062 in
1672 2015 1830 2063 retina

453 2103 564 2134 cum
589 2088 636 2134 H
654 2088 697 2134 A
712 2088 757 2135 D
780 2088 1032 2150 producta,
1059 2105 1167 2151 quae
1196 2105 1284 2152 per
1308 2089 1672 2137 conversionem
1700 2090 1828 2137 oculi

453 2170 525 2209 est
566 2163 668 2210 axis
707 2164 912 2226 opticus,
947 2165 998 2211 in
1035 2172 1218 2227 puncto
1248 2165 1298 2225 β.
1370 2165 1449 2212 Sic
1489 2165 1618 2212 enim
1653 2165 1738 2212 fiet
1771 2171 1829 2211 ut

450 2245 687 2299 punctum
711 2239 762 2296 P,
778 2238 907 2285 unde
930 2239 1202 2301 procedunt
1225 2239 1348 2286 radii
1372 2239 1564 2286 refracti
1589 2239 1626 2286 P
1640 2239 1694 2286 M
1711 2235 1755 2286 R
1772 2239 1824 2299 β,

453 2313 489 2359 Ρ
504 2312 551 2359 Ν
572 2313 604 2359 S
627 2313 677 2372 β,
703 2320 934 2375 appareat
967 2313 1019 2360 in
1053 2313 1225 2361 visuali
1247 2314 1282 2373 β
1307 2314 1350 2360 Ι)
1366 2314 1408 2360 Α
1428 2314 1475 2360 Η
1492 2314 1543 2372 Ζ,
1577 2313 1628 2360 id
1651 2322 1739 2372 est,
1771 2322 1828 2362 ut

452 2387 678 2435 distincte
718 2388 957 2444 videatur,
991 2389 1136 2436 modo
1178 2389 1341 2436 radius
1379 2388 1539 2436 nullus
1576 2405 1606 2435 a
1643 2397 1826 2451 puncto

452 2462 547 2509 alio
576 2479 664 2525 per
699 2463 1040 2510 refractionem
1063 2463 1226 2510 veniat
1260 2463 1322 2510 ad
1356 2462 1484 2510 idem
1505 2471 1741 2525 punctum
1759 2464 1825 2524 β;

452 2537 504 2583 id
528 2538 658 2599 quod
695 2538 854 2585 caveri
877 2545 1039 2600 potest
1065 2545 1114 2585 et
1139 2538 1261 2585 solet
1283 2537 1492 2600 tegendo
1523 2538 1826 2600 superficiem

455 2612 636 2675 dioptri
671 2613 872 2660 minoris
903 2613 1119 2672 alteram,
1160 2613 1388 2660 nimirum
1419 2618 1503 2658 aut
1535 2613 1827 2661 anteriorem

454 2704 647 2735 omnem
668 2697 871 2751 excepta
885 2696 1024 2751 parte
1044 2690 1098 2736 M
1117 2689 1180 2747 N,
1200 2695 1284 2735 aut
1300 2687 1616 2750 posteriorem
1633 2704 1827 2736 omnem

452 2770 655 2825 excepta
679 2764 723 2810 K
740 2765 793 2822 L,
819 2764 887 2811 ita
909 2771 964 2811 ut
987 2764 1134 2811 radiis
1157 2779 1186 2810 a
1211 2762 1426 2826 quolibet
1448 2762 1625 2824 objecti
1642 2771 1826 2826 puncto

449 2837 822 2899 procedentibus
837 2846 1001 2886 tantus
1017 2838 1079 2886 ad
1093 2837 1348 2886 transitum
1363 2837 1662 2899 relinquatur
1674 2838 1827 2897 locUS,
