1982 3256
428 233 490 278 62
942 245 1012 280 DE
1040 245 1278 281 HOMINE.

179 374 307 408 sacr.
328 375 378 409 11.
427 356 534 406 haec
562 356 728 408 minor
764 373 908 421 quam
938 358 977 406 C
994 359 1068 408 D:
1104 359 1346 419 nimirum,
1371 358 1465 406 erit
1493 357 1538 406 A
1557 357 1602 405 K
1639 357 1797 407 minor

185 424 372 495 *fg-,2
429 448 574 498 quam
598 433 642 483 K
658 433 713 492 L,
736 441 785 481 et
803 434 906 482 haec
926 451 1071 498 quam
1095 435 1135 483 L
1149 435 1232 491 M;
1267 442 1528 499 propterea
1546 434 1677 497 quod
1700 450 1795 500 quo

427 507 590 557 radius
613 507 887 558 inclinatior
905 517 994 567 est,
1014 525 1071 558 eo
1095 510 1248 573 magis
1271 509 1570 572 refringitur,
1589 508 1796 574 ideoque

428 583 632 646 angulus
654 590 755 631 tam
778 583 1014 634 refractus
1039 600 1183 648 quam
1206 584 1510 634 refractionis
1532 585 1591 632 fit
1611 585 1782 648 major.

168 660 265 695 Qum
278 666 355 691 astra
494 660 541 713 7.
579 658 848 708 Quaesitum
869 667 944 708 est
967 676 1115 723 quare
1138 660 1211 709 sol
1241 668 1289 711 et
1310 661 1442 718 luna,
1465 660 1618 710 aliave
1641 660 1794 719 stella,

166 714 255 742 prope
267 706 398 733 horizon-

168 752 224 776 tem
239 749 347 785 majora
361 758 406 786 ap
426 734 632 796 majores
662 750 813 800 prope
847 735 1151 784 horizontem
1187 736 1412 785 videntur
1445 753 1590 800 quam
1627 736 1797 785 culmi-

166 795 369 864 Ξζῖᾅῖᾙὲζι
427 816 628 865 nantes3
665 812 800 874 cujus
822 811 894 863 rei
917 828 1112 862 causam
1140 813 1415 862 attribuunt
1445 811 1663 875 plerique
1696 811 1797 861 aeri

426 884 489 932 ad
518 893 700 934 certam
738 886 980 950 quandam
1015 904 1045 936 a
1080 896 1212 936 terra
1253 888 1531 936 distantiam
1568 887 1794 946 densiori,

426 976 571 1024 quam
607 962 689 1024 qui
726 969 799 1009 est
831 978 986 1027 usque
1023 963 1086 1011 ad
1119 971 1252 1013 astra
1283 964 1526 1027 reliquus:
1562 970 1797 1027 tanquam

425 1043 549 1084 esset
565 1036 695 1085 facta
718 1037 944 1086 refractio
968 1039 1162 1087 luminis
1186 1039 1237 1087 in
1260 1040 1508 1088 crassioris
1530 1039 1654 1088 aeris
1678 1040 1796 1089 orbe

425 1111 649 1174 quodam,
670 1128 814 1175 quem
830 1122 1010 1161 vocant
1033 1115 1419 1178 atmosphaeram.
1466 1115 1524 1163 Id
1541 1130 1655 1165 vero
1675 1130 1797 1178 quo-

423 1186 568 1235 modo
585 1188 690 1236 fieri
711 1195 875 1252 potest
899 1189 1091 1238 difficile
1109 1197 1184 1238 est
1206 1191 1492 1254 intelligere.
1562 1191 1794 1255 Concipio

423 1262 547 1309 bene
578 1279 739 1311 aerem
774 1271 1007 1324 nostrum,
1031 1266 1217 1315 coelesti
1248 1266 1444 1329 quidem
1467 1266 1794 1330 impuriorem,

423 1338 652 1386 nimirum
674 1340 901 1388 halitibus
926 1357 985 1388 ex
1015 1349 1146 1389 terra
1177 1342 1394 1406 marique
1418 1342 1699 1390 densissime
1721 1342 1796 1389 in-

423 1414 677 1476 terspersis
691 1415 871 1478 ubique
885 1416 1082 1479 plenum
1100 1433 1218 1473 esse,
1237 1418 1341 1480 (qui
1354 1417 1531 1465 halitus
1546 1433 1644 1465 non
1662 1417 1795 1466 aliud

422 1495 498 1536 est
528 1505 672 1552 quam
694 1491 770 1539 vel
805 1498 951 1539 terrae
984 1492 1319 1540 minutissimae
1355 1501 1533 1556 partes,
1556 1493 1634 1540 vel
1656 1508 1794 1556 aquae

421 1565 758 1614 minutissimae
775 1566 1028 1630 guttae)‚et
1041 1575 1184 1616 terrae
1198 1568 1475 1631 propiorem
1489 1584 1682 1631 semper
1691 1584 1794 1616 esse

421 1640 735 1704 impuriorem
752 1663 764 1698 ;
799 1642 886 1690 sed
902 1659 1000 1690 non
1018 1643 1138 1691 facit
1154 1644 1496 1691 refractionem
1518 1644 1794 1706 hujusmodi

420 1715 689 1778 impuritas,
712 1717 806 1765 nisi
828 1718 949 1767 tales
965 1719 1173 1782 guttulae
1193 1735 1358 1767 omnes
1378 1735 1481 1767 sese
1495 1725 1665 1767 mutuo
1683 1727 1792 1770 tan-

421 1798 556 1853 gant,
581 1792 668 1839 sed
692 1792 974 1841 debiliorem
996 1800 1187 1842 tantum
1220 1794 1414 1842 luminis
1437 1795 1707 1851 actionem;
1743 1803 1792 1843 et

420 1866 575 1914 videri
599 1868 859 1933 objectum,
879 1885 980 1917 non
1000 1870 1194 1932 quidem
1209 1877 1349 1918 extra
1366 1870 1527 1918 locum
1542 1870 1790 1930 usitatum,

421 1942 507 1990 sed
528 1942 686 1992 minus
715 1944 945 2004 lucidum,
972 1945 1098 1993 sicut
1132 1945 1310 1994 accidit
1343 1946 1671 2010 spectantibus
1706 1946 1792 1994 ob—

414 2017 601 2078 jectum
624 2019 872 2081 quodlibet
907 2036 994 2084 per
1030 2036 1193 2069 aerem
1230 2020 1379 2069 denso
1414 2021 1612 2084 pulvere
1641 2021 1791 2070 inter-

421 2108 654 2155 spersum.
702 2094 945 2142 Caeterum
966 2103 1024 2143 ut
1046 2112 1129 2144 aer
1151 2096 1272 2159 ipse,
1292 2096 1375 2159 qui
1395 2096 1674 2160 pulvisculis
1698 2097 1791 2146 illis

419 2167 669 2229 interfluit,
694 2170 758 2218 sit
781 2170 975 2218 densior
997 2172 1048 2219 in
1083 2188 1181 2219 uno
1205 2172 1312 2220 loco
1337 2188 1482 2235 quam
1504 2172 1555 2220 in
1580 2172 1690 2231 alio,
1716 2173 1790 2220 in-

419 2243 637 2306 telligere
667 2260 766 2293 non
797 2262 1007 2308 possum.
1078 2247 1265 2311 Itaque,
1290 2247 1480 2295 etiamsi
1503 2263 1563 2295 ex
1585 2247 1790 2300 articulo

417 2319 726 2381 praecedente
748 2337 946 2369 necesse
974 2322 1053 2380 sit,
1078 2322 1118 2369 si
1145 2322 1422 2385 hujusmodi
1445 2322 1588 2370 detur
1610 2329 1790 2371 atmos-

417 2394 598 2456 phaera,
621 2403 936 2458 sequuturum
954 2397 1067 2444 inde
1091 2413 1195 2445 esse
1212 2404 1268 2445 ut
1289 2404 1421 2445 astra
1435 2398 1621 2460 majora
1642 2414 1789 2462 appa-

417 2478 558 2518 reant
580 2478 725 2534 prout
747 2472 987 2519 accedunt
1009 2472 1073 2520 ad
1095 2473 1414 2528 horizontem,
1430 2480 1594 2520 tamen
1612 2479 1789 2522 atmos-

417 2546 583 2607 phaera
627 2547 729 2609 ejus
774 2547 1082 2610 phaenomeni
1128 2563 1272 2595 causa
1315 2563 1419 2597 esse
1459 2563 1558 2596 non
1595 2555 1786 2612 potest:

415 2621 587 2683 primo,
612 2623 727 2686 quia
749 2623 800 2670 in
824 2639 881 2671 ea
903 2623 1036 2671 nulla
1057 2624 1115 2671 fit
1136 2623 1384 2671 refractio:
1421 2622 1650 2682 secundo,
1675 2624 1788 2687 quia

417 2697 457 2743 si
480 2705 622 2756 esset,
646 2698 894 2746 videretur
935 2698 1006 2747 sol
1044 2700 1132 2746 sub
1166 2699 1347 2761 majore
1371 2698 1547 2760 angulo
1576 2698 1627 2745 in
1659 2698 1789 2747 hori-

416 2780 560 2820 zonte
583 2789 730 2836 quam
754 2774 842 2823 sub
866 2773 1161 2830 meridiano;
1197 2774 1360 2837 itaque
1384 2773 1530 2821 etiam
1552 2773 1787 2823 minorem

413 2847 628 2897 efficeret
650 2849 931 2899 umbrarum
953 2849 1261 2899 latitudinem
1284 2849 1444 2898 oriens
1462 2849 1539 2897 vel
1562 2849 1786 2899 occidens
