2020 3262
229 379 356 412 sEc'r.
378 381 445 414 111.

312 430 360 462 17.

204 521 340 559 Regnum
356 524 412 553 Dei

204 573 257 602 per
270 571 388 602 pactum

490 238 584 289 376
1051 254 1295 288 RELIGlo.

487 359 604 417 lum,
629 361 935 411 manifestum
954 371 1043 422 est,
1063 372 1112 412 et
1135 366 1175 412 si
1200 365 1425 412 Christus
1441 365 1569 427 patri
1592 380 1678 412 suo
1701 379 1862 428 aequa-

485 433 545 481 lis
569 434 632 482 sit
655 436 814 498 quoad
836 445 1075 496 naturam,
1094 440 1331 486 minorem
1350 447 1513 486 tamen
1531 439 1676 486 fuisse
1701 438 1862 502 quoad

474 518 476 520 ’
481 509 560 572 jus
575 511 727 572 regni.
761 512 953 559 Etenim
969 530 1143 561 munus
1158 514 1270 571 tale,
1283 514 1479 576 proprie
1494 514 1860 576 loquendo,non

203 617 312 636 mmm
326 619 386 637 ΜΠ
405 619 467 639 esse
486 585 674 647 regium
710 594 798 645 est,
839 587 924 634 sed
957 589 1288 651 pro-regium;
1342 589 1482 650 quale
1514 596 1618 636 erat
1641 589 1860 652 regimen

202 659 324 688 regnum
348 652 459 682 Christi

202 698 237 721 ut
251 694 374 731 Christi,
386 697 438 725 sed

203 740 237 764 ut
250 737 314 766 Dei.

461 660 651 708 ¹Mosis.
700 662 923 724 Regnum
942 664 1071 710 enim
1088 680 1186 710 non
1206 665 1324 726 ejus,
1344 663 1429 710 sed
1442 665 1616 727 patris
1641 672 1773 720 erat3
1803 664 1861 712 *id

485 736 615 798 quod
650 737 930 786 CHRISTUS
967 739 1256 801 significavit
1278 739 1397 801 ipse,
1423 755 1534 785 cum
1557 746 1613 786 ut
1637 739 1859 787 subditus

482 811 827 874 baptizaretur,
846 813 895 860 et
910 821 1075 876 aperte
1090 814 1333 876 professus
1350 821 1436 871 est,
1449 813 1643 876 quando
1657 814 1858 876 (Matth.

481 885 544 933 vi.
570 890 620 946 9)
654 903 791 934 orare
834 888 1026 935 docuit:
1078 888 1236 935 Pater
1272 895 1455 946 noster,
1494 896 1586 936 etc.
1625 888 1860 936 adveniat

481 976 687 1024 regnum
710 969 856 1010 tumn.
915 964 978 1010 Et
995 964 1075 1010 ubi
1098 964 1219 1011 dixit
1237 964 1434 1023 (Matth.
1454 964 1582 1011 xxvi.
1608 965 1718 1024 29):
1743 963 1858 1012 Non

482 1035 658 1095 bibam,
684 1045 776 1085 etc.
802 1055 954 1102 usque
979 1039 1028 1086 in
1053 1040 1180 1086 diem
1205 1039 1357 1097 illam,
1390 1056 1497 1086 eum
1535 1039 1696 1087 bibam
1730 1038 1864 1087 illud

478 1111 722 1159 vobiscum
745 1129 912 1160 novum
937 1113 986 1160 in
1010 1129 1166 1178 regno
1181 1114 1359 1178 patris
1388 1113 1495 1161 mei.
1563 1115 1627 1161 Et
1661 1121 1857 1161 sanctus

480 1187 655 1234 Paulus
678 1187 721 1246 (l
754 1188 862 1235 Cor.
888 1205 965 1235 xv.
991 1191 1191 1249 22-24):
1229 1188 1370 1236 Sient
1412 1189 1462 1235 in
1493 1188 1659 1236 Adam
1696 1205 1857 1236 omnes

479 1262 769 1321 moriantur,
807 1263 882 1310 ita
914 1263 964 1310 in
1011 1263 1211 1311 Christo
1249 1280 1409 1311 omnes
1445 1264 1857 1326 vivificabantar;

478 1337 809 1400 unusquisque
828 1344 989 1385 autem
1008 1338 1058 1384 in
1074 1354 1160 1385 sao
1185 1339 1358 1386 ordine
1374 1357 1392 1393 ;
1416 1339 1663 1403 primitiae
1685 1338 1857 1386 Claris-

479 1417 591 1465 tas;
628 1411 822 1469 deinde,
860 1412 898 1459 ii
938 1413 1024 1475 qui
1053 1420 1166 1460 sunt
1194 1412 1399 1471 Christi,
1439 1413 1525 1476 qai
1562 1414 1613 1461 in
1643 1414 1856 1462 adventu

478 1487 584 1547 ejas
627 1486 948 1533 erediderunt
966 1505 985 1541 ,·
1032 1487 1212 1534 deinde
1235 1488 1378 1549 finis,
1420 1505 1525 1535 eam
1578 1489 1856 1536 tradiderit

477 1576 684 1624 regnam
727 1560 836 1608 Deo
883 1568 934 1608 et
968 1562 1133 1625 patri.
1204 1562 1339 1608 Idem
1379 1570 1541 1610 tamen
1587 1564 1856 1626 appellatur

478 1636 623 1683 etiam
669 1653 874 1701 regnum
920 1637 1125 1685 Christi,
1196 1638 1323 1685 Nam
1361 1646 1411 1685 et
1449 1645 1605 1686 mater
1643 1639 1854 1688 filiorum

476 1711 699 1759 Zebedaei
713 1713 906 1774 rogavit
926 1713 1223 1761 CHRISTUM
1245 1713 1409 1760 dicens
1429 1714 1628 1773 (Matth.
1643 1730 1722 1762 xx.
1743 1721 1852 1777 21):

475 1786 591 1846 Die,
620 1788 842 1847 sedeant,
880 1788 932 1835 kz·
963 1788 1058 1836 duo
1082 1789 1194 1850 filii
1230 1789 1338 1847 mei,
1370 1805 1492 1836 unus
1524 1789 1596 1837 ad
1627 1790 1856 1838 deoetram

477 1868 625 1921 tuam,
665 1869 714 1910 et
755 1879 878 1909 unas
924 1863 996 1910 ad
1032 1864 1288 1910 sinistram
1334 1864 1384 1911 in
1424 1880 1580 1928 regno
1627 1871 1724 1912 tim.
1793 1866 1857 1913 Et

474 1938 600 1985 latro
637 1938 689 1986 in
725 1955 868 1986 cruce
913 1939 1049 2000 (Luc.
1075 1939 1206 1986 xxiii.
1231 1940 1349 2002 42):
1385 1939 1594 1986 Domine
1623 1946 1855 1988 memento

475 2013 584 2071 mei,
623 2030 728 2060 cum
767 2014 959 2061 veneris
998 2014 1048 2061 in
1093 2029 1298 2078 regnum
1338 2021 1482 2062 tuum.
1552 2015 1617 2062 Et
1658 2022 1854 2063 sanctus

475 2087 650 2135 Paulus
675 2088 815 2151 (Eph.
831 2105 876 2136 v.
896 2088 946 2149 5)
968 2107 979 2135 ε
1015 2088 1131 2136 Hoc
1155 2088 1280 2136 enim
1294 2089 1472 2136 scitote
1496 2089 1851 2154 intelligentes,

474 2163 610 2225 qaod
628 2163 780 2210 omnis
785 2164 1085 2226 fornicator
1108 2171 1202 2211 ete.
1221 2181 1315 2212 non
1337 2164 1487 2212 habet
1509 2164 1852 2213 Izoereditatem

474 2238 524 2285 in
569 2254 726 2302 regno
776 2238 966 2286 Christi
1006 2245 1056 2286 et
1099 2238 1214 2286 Dei.
1282 2239 1414 2287 Alibi
1445 2240 1491 2300 (2
1527 2240 1649 2287 Tim.
1684 2240 1747 2287 iv.
1778 2242 1848 2303 1):

481 2313 741 2376 Testifieor
765 2330 932 2361 eoram
953 2314 1063 2361 Deo
1088 2320 1137 2361 et
1160 2314 1282 2361 Jesa
1310 2314 1524 2374 Christo,
1550 2315 1851 2379 quijudica-

475 2395 615 2436 turus
640 2395 715 2436 est
738 2389 869 2436 vivos
893 2396 942 2436 et
965 2395 1180 2436 mortuos
1205 2406 1307 2454 per
1339 2390 1595 2438 adventum
1619 2389 1776 2454 ipsias
1800 2397 1851 2438 et

474 2479 681 2528 regnum
696 2465 833 2526 ejus:
870 2472 920 2512 et
939 2464 1083 2526 (vers.
1106 2464 1210 2526 18):
1249 2464 1510 2512 Liberavit
1527 2482 1600 2512 me
1612 2464 1849 2513 Dominus

473 2539 537 2586 ab
566 2540 693 2587 omni
716 2556 866 2604 opere
903 2540 1047 2598 malo,
1077 2547 1126 2587 et
1149 2540 1336 2588 salvum
1347 2541 1525 2604 faciet
1561 2540 1611 2588 in
1642 2555 1849 2603 regnum

471 2632 607 2662 suum
628 2615 845 2663 eoeleste.
914 2616 1086 2678 Neque
1103 2616 1379 2663 mirandum
1402 2624 1475 2664 est
1492 2616 1621 2663 idem
1643 2630 1848 2678 regnum

470 2691 686 2754 utrisque
731 2691 908 2746 tribui3
969 2707 1114 2753 quam
1159 2699 1366 2754 uterque
1400 2697 1559 2755 pater
1603 2696 1652 2737 et
1679 2690 1845 2752 filias,

469 2765 599 2813 idem
634 2766 695 2813 sit
739 2765 878 2813 Deus
893 2785 911 2820 ;
950 2773 999 2813 et
1020 2773 1228 2830 paetum
1262 2782 1430 2813 novam
1455 2765 1514 2812 de
1547 2780 1704 2828 regno
1744 2765 1848 2813 Dei

470 2857 566 2889 non
616 2842 678 2890 sit
724 2842 1027 2905 propositum
1071 2843 1122 2890 in
1168 2842 1363 2890 nomine
1405 2842 1620 2900 PATRIS,
1669 2841 1754 2889 sed
1793 2841 1845 2889 in
