1968 3256
322 282 394 316 DE
421 277 958 316 REPREanrAnoNE
984 277 1227 323 OBJEC'H,
1255 279 1371 313 Ere.
1470 269 1532 313 29

694 557 908 607 CAPUT
932 555 1015 606 IV.

158 683 228 718 DE:
254 681 800 718 REPRAESENTATIONE
818 682 1039 716 OBJECTI
1060 682 1122 715 lN
1141 679 1536 715 PERSPECTIVA.

157 773 196 810 1.
221 771 370 811 Natura
385 770 544 822 picturae
569 771 817 821 perspectivae
843 771 882 808 in
901 782 979 820 quo
1007 770 1189 807 consistit.
1240 771 1280 808 2.
1309 764 1538 817 Rectanguli

207 833 345 871 infiniti
362 832 644 883 reproesentatio
663 833 702 870 in
720 833 959 883 perspectiva
984 837 1041 870 est
1058 830 1303 882 triangulum.
1355 833 1394 869 3.
1423 829 1540 867 Rect-

207 895 390 946 angulum
407 894 598 932 infinitum
621 907 697 932 non
716 899 1009 946 repraesentatur
1026 907 1049 932 a
1067 893 1258 945 triangulo
1287 897 1444 943 propter
1472 892 1541 929 ob-

202 955 296 1014 jecti
315 968 403 994 cum
420 956 551 995 tabula
576 956 873 1002 similitudinem,
892 956 960 995 sed
977 961 1134 1007 propter
1159 955 1446 994 similitudinem
1475 954 1541 991 tri-

151 1043 154 1047 ·
207 1017 338 1068 anguli
355 1030 444 1056 cum
461 1018 684 1068 apparentia
701 1018 909 1069 rectanguli
929 1017 1080 1056 infiniti.
1131 1018 1170 1056 4.
1196 1017 1427 1067 Trapezium
1447 1027 1542 1066 quo-

208 1079 323 1118 modo
340 1085 585 1130 repraesentat
596 1080 763 1130 speciem
780 1079 992 1130 rectanguli
1009 1079 1120 1118 finiti.
1171 1081 1210 1119 5.
1239 1079 1415 1122 Quatuor
1425 1078 1542 1115 trian-

208 1141 299 1193 gula
325 1141 535 1192 rectanguli
563 1142 673 1179 divisi
691 1142 941 1192 diagonaliter
957 1142 997 1179 in
1015 1146 1182 1192 quatuor
1199 1141 1391 1192 triangula
1408 1139 1544 1178 melius

209 1204 377 1242 excitant
393 1204 614 1242 memoriam
634 1209 799 1254 quatuor
816 1203 1124 1254 rectangulorum
1141 1203 1265 1249 simul,
1285 1215 1401 1254 quam
1424 1214 1544 1239 unum

156 1273 159 1276 '
210 1265 444 1317 triangulum
474 1266 584 1304 unius
611 1266 835 1317 rectanguli.
887 1269 926 1306 6.
954 1265 995 1304 Si
1023 1279 1109 1317 quae
1127 1266 1308 1316 propiora
1325 1269 1415 1303 sunt
1432 1263 1544 1302 oculo

209 1328 371 1367 clariora
399 1328 606 1378 pingantur
624 1340 739 1378 quam
769 1328 973 1366 remotiora
990 1340 1060 1378 pro
1087 1328 1234 1366 ratione
1261 1327 1410 1365 basium
1428 1326 1545 1364 trian-

210 1389 291 1441 guli
320 1391 646 1440 repraesentantis3
687 1390 802 1428 etiam
833 1390 1025 1429 efficacior
1058 1390 1126 1428 fiet
1155 1390 1453 1441 repraesentatio.
1508 1388 1546 1430 7.

151 1492 161 1506 q,
211 1451 339 1490 Etiam
356 1465 405 1490 ex
422 1451 584 1502 adpictis
600 1452 640 1490 in
659 1452 793 1490 eadem
811 1453 957 1491 ratione
974 1453 1121 1491 umbris
1138 1452 1365 1491 animalibus
1384 1451 1544 1500 aliisque

160 1570 164 1573 Ι
211 1514 504 1553 circumstantiis
518 1515 800 1564 repraesentatio
819 1515 1100 1553 corroboratur.
1141 1517 1177 1552 8.
1208 1513 1359 1552 Tabula
1369 1524 1546 1562 perspec-

211 1574 301 1622 tiva,
320 1577 352 1614 si
375 1579 568 1626 spectetur
593 1588 662 1626 per
694 1576 849 1626 aliquod
882 1577 1063 1627 exiguum
1090 1575 1275 1619 foramen,
1303 1587 1421 1625 quare
1439 1577 1547 1611 tanto

213 1637 404 1676 efficacius
421 1650 502 1676 rem
519 1643 777 1688 repraesentat.
830 1641 869 1678 9.
898 1638 1095 1677 circulum
1112 1650 1295 1688 apparere
1313 1638 1352 1674 in
1370 1648 1547 1687 perspec-

212 1700 302 1745 tiva,
318 1705 573 1750 proeterquam
599 1700 639 1737 in
664 1700 779 1738 unico
797 1700 884 1745 situ,
903 1699 1063 1750 ellipsin.
1117 1702 1178 1738 10.
1208 1697 1408 1744 Parabola,
1428 1702 1550 1748 qu'an-

161 1803 163 1806 Α
213 1763 264 1801 do
281 1767 414 1801 vertex
442 1762 522 1813 ejus
549 1763 730 1800 remotior
747 1766 805 1799 est
822 1763 871 1800 ab
895 1762 1007 1800 oculo
1025 1774 1140 1813 quam
1158 1761 1271 1807 basis,
1290 1766 1448 1811 apparet
1466 1765 1549 1797 tan-

215 1836 331 1875 quam
361 1824 581 1875 hyperbole.
650 1826 712 1862 11.
741 1824 943 1862 Contrario
969 1824 1046 1862 situ
1080 1828 1238 1874 apparet
1274 1823 1426 1872 ellipsis.
1472 1821 1549 1863 Qui

160 1884 163 1887 ’
215 1885 364 1925 tabulas
390 1885 638 1936 perspectivae
665 1885 836 1923 intuetur
866 1886 920 1923 ita
937 1891 981 1923 ut
998 1886 1100 1922 visus
1118 1884 1281 1930 fallatur,
1300 1897 1377 1922 non
1396 1882 1549 1933 proprie

168 1997 170 2001 .
216 1947 321 1985 videt
351 1959 432 1984 rem
459 1947 602 1996 pictam
627 1947 693 1985 sed
723 1959 852 1985 veram
876 1946 1109 1985 recordatur.
1162 1946 1284 1984 Index
1302 1945 1550 1996 perspectiva)

217 2009 315 2060 quis.
369 2010 430 2048 12.
458 2007 711 2059 Perspectivae
740 2007 889 2047 inversa
918 2014 987 2053 est,
1006 2021 1121 2060 quam
1148 2009 1259 2047 lineae
1289 2007 1451 2046 visuales
1481 2019 1552 2057 per

214 2075 358 2122 puncta
376 2069 518 2122 objecti
534 2075 771 2109 transeuntes
791 2071 990 2121 designant
1008 2071 1046 2109 in
1066 2071 1181 2121 plano
1199 2070 1392 2108 ulteriore.

117 2143 121 2146 ⁴
171 2156 214 2199 l.
250 2150 716 2200 REPRESENTATIO
755 2152 926 2215 figurae
966 2152 1018 2199 in
1046 2150 1378 2216 perspectiva
1418 2148 1553 2197 aliud

165 2226 289 2276 nihil
328 2233 405 2275 est
446 2234 626 2290 praeter
658 2227 896 2276 linearum
929 2228 981 2276 in
1021 2228 1230 2292 obJ‘ectO,
1254 2227 1467 2275 visarum
1500 2225 1552 2273 in

168 2302 423 2366 superficie
459 2303 624 2367 aliqua
653 2304 942 2369 interposita
979 2305 1109 2353 inter
1144 2304 1339 2353 oculum
1381 2310 1432 2351 et
1469 2302 1554 2350 ob-
1572 2314 1687 2343 Natura
1699 2313 1822 2350 pictura>

163 2380 364 2443 Jectum,
389 2379 781 2444 descriptionem.

168 2487 172 2492 -
233 2455 325 2503 Est
353 2455 519 2519 itaque
533 2457 862 2521 perspectiva
885 2473 963 2505 ars
988 2457 1295 2505 describendi
1318 2455 1557 2504 sectiones

169 2531 493 2596 pyramidum,
517 2533 664 2595 (inter
684 2533 960 2598 pyramides
982 2533 1077 2582 hoc
1100 2534 1210 2582 loco
1242 2533 1390 2581 etiam
1411 2546 1559 2580 conos

173 2608 574 2672 comprehendo,)
602 2609 655 2656 in
691 2609 945 2673 superficie
986 2610 1086 2658 sive
1127 2611 1273 2674 plana
1314 2610 1414 2657 sive
1459 2625 1558 2657 non

170 2684 334 2748 plana.
403 2685 531 2733 Cum
568 2686 698 2733 enim
734 2686 785 2733 in
806 2686 992 2734 visione
1027 2702 1195 2734 omnes
1227 2686 1352 2734 radii
1372 2685 1507 2734 ducti
1530 2702 1560 2733 a

172 2760 406 2809 lateribus
430 2761 610 2825 objecti
627 2769 922 2810 concurrant
949 2762 1076 2826 (cap.
1099 2777 1160 2810 11.
1185 2770 1277 2811 art.
1303 2769 1350 2821 2,
1375 2762 1561 2824 coroll.)

172 2835 226 2884 in
248 2843 419 2886 centro
450 2838 639 2897 retinae,
663 2839 721 2886 fit
757 2838 817 2886 ab
854 2837 912 2885 iis
943 2838 1167 2886 omnibus
1192 2838 1335 2886 simul
1358 2839 1561 2903 sumptis

171 2912 480 2976 superficies,
519 2913 560 2962 si
607 2912 803 2978 quidem
844 2913 998 2962 latera
1035 2915 1198 2964 omnia
1242 2915 1423 2979 objecti
1464 2916 1564 2963 sint

1601 2163 1729 2196 SECT.
1750 2162 1799 2195 11.

1678 2216 1711 2245 4.

1572 2357 1758 2396 pcrspectivoe
1771 2356 1803 2383 in

1574 2411 1632 2439 quo
1645 2400 1783 2430 consistit.
