2020 3262
252 401 379 433 SECT.
402 402 472 435 111.

333 452 384 484 11.

221 1314 378 1342 Distinctio

218 1357 418 1393 temporalium

218 1410 236 1428 a
249 1400 458 1437 spiritualibus.

509 259 605 302 390
1072 273 1316 307 RELIGIO.

508 381 773 442 hominum,
800 384 883 446 qui
911 385 1014 447 Jam
1050 391 1386 448 peccaverant,
1420 385 1625 434 salutem
1662 399 1885 436 necessa-

508 456 635 503 rium
659 465 779 517 erat,
803 475 962 521 neque
1000 460 1060 507 ab
1101 460 1195 507 alio
1229 460 1335 506 fieri
1372 459 1548 523 potuit.
1617 461 1731 509 Non
1754 462 1884 510 enim

507 532 846 594 poenitentiam
869 535 1089 598 sequitur
1111 535 1328 582 remissio
1352 543 1663 598 peccatorum
1685 544 1884 584 natura-

505 606 631 666 liter,
654 616 711 655 ut
736 609 925 665 debita;
962 609 1049 657 sed
1072 610 1327 672 dependet,
1342 618 1399 657 ut
1421 611 1648 673 gratuita,
1667 627 1696 658 a
1712 611 1884 659 volun-

504 690 604 731 tate
650 684 740 732 Dei
786 685 1215 748 supernaturaliter
1259 685 1531 732 revelanda.
1601 686 1782 744 Tertio,
1819 685 1884 733 ad

506 759 689 807 Christi
714 761 923 808 officium
946 761 1221 824 pertinebat
1245 761 1420 809 docere
1445 777 1502 808 ea
1537 761 1769 808 mandata
1791 757 1884 808 Dei

504 836 681 889 omnia,
706 837 805 883 sive
842 837 972 884 circa
996 836 1182 883 cultum
1218 836 1318 883 sive
1344 835 1474 883 circa
1498 835 1729 899 dogmata
1749 835 1881 894 fidei,

505 927 614 972 quae
637 912 825 959 ratione
848 911 1059 959 naturali
1083 911 1196 958 sciri
1219 927 1318 958 non
1349 917 1565 973 possunt,
1593 910 1679 957 sed
1701 910 1883 958 revela-

503 986 636 1034 tione
676 994 900 1042 tantum3
938 987 1099 1050 qualia
1123 994 1236 1034 sunt
1273 986 1432 1048 ipsum
1465 1001 1568 1032 esse
1603 984 1881 1040 Christum;

502 1078 709 1125 regnam
734 1079 869 1108 saum
894 1079 987 1109 non
1007 1078 1115 1108 6336
1133 1067 1392 1119 terrestre,
1408 1060 1500 1107 sed
1515 1059 1715 1107 coeleste
1730 1078 1748 1114 ;
1773 1075 1882 1107 6336

495 1137 713 1199 proemia
728 1144 777 1183 et
789 1154 971 1201 poenas
980 1143 1104 1200 post
1119 1136 1244 1183 hanc·
1259 1136 1430 1190 vitam;
1455 1136 1665 1183 animam
1674 1151 1782 1183 6336
1797 1135 1882 1182 im-

501 1212 757 1258 mortalem
774 1230 791 1265 ,·
817 1218 1130 1258 sacramenta
1150 1217 1224 1258 tot
1242 1218 1291 1258 et
1308 1210 1568 1274 taliasore
1583 1229 1601 1265 ;
1627 1217 1676 1258 et
1691 1210 1879 1258 similia.

576 1293 650 1334 14.
686 1287 764 1333 Ex'
782 1287 857 1345 iis,
883 1302 991 1349 quae
1023 1286 1153 1333 dicta
1175 1293 1288 1333 sunt
1323 1286 1374 1332 in
1410 1285 1625 1333 articulis
1660 1285 1881 1348 proxime

503 1361 907 1425 praecedentibus,
945 1377 1044 1408 non
1081 1368 1155 1408 est
1188 1361 1380 1408 difficile
1417 1360 1718 1422 distinguere
1753 1360 1882 1408 inter

503 1435 799 1500 spiritualia
825 1444 876 1483 et
901 1435 1216 1499 temporalia.
1255 1435 1382 1482 Cum
1406 1435 1535 1482 enim
1557 1451 1645 1497 per
1667 1434 1881 1498 Spiritu-

502 1511 609 1559 alia
635 1527 692 1558 ea
731 1511 1063 1573 intelligantur
1087 1525 1195 1573 quae
1217 1509 1588 1557 fundamentum
1617 1510 1800 1558 habent
1828 1510 1880 1558 111

502 1587 794 1634 auctoritate
851 1594 901 1633 et
947 1585 1105 1633 officio
1159 1585 1407 1642 CHRISTI,
1453 1601 1626 1647 neque,
1670 1585 1765 1632 nisi
1821 1602 1880 1633 ea

502 1663 781 1710 CHRISTUS
809 1661 1068 1720 docuisset,
1094 1661 1206 1708 sciri
1228 1666 1459 1723 possent;
1485 1660 1677 1723 sintque
1701 1667 1880 1709 caetera

500 1738 664 1786 omnia
703 1737 1019 1800 temporalia:
1057 1736 1274 1799 sequitur
1312 1734 1646 1782 definitionem
1685 1741 1734 1783 et
1770 1751 1879 1783 sen-

498 1814 666 1861 tentiae
688 1812 921 1860 lationem
945 1811 1074 1859 circa
1097 1812 1290 1873 justum
1314 1818 1364 1857 et
1402 1810 1650 1872 injustum,
1674 1810 1879 1874 cogniti-

499 1905 641 1936 onem
668 1887 1107 1936 controversiarum
1130 1886 1347 1933 omnium
1379 1885 1509 1932 circa
1531 1885 1695 1932 media
1731 1885 1879 1948 pacis

497 1964 576 2011 vel
615 1963 921 2027 defensionis
960 1961 1186 2026 publica,
1223 1967 1272 2008 et
1309 1976 1512 2008 examen
1549 1959 1880 2008 doctrinarum

496 2040 827 2102 librorumque
862 2039 913 2085 in
937 2038 1070 2086 omni
1092 2036 1310 2084 scientia
1333 2034 1595 2094 rationali,
1607 2035 1748 2097 juris
1770 2052 1879 2083 6336

499 2115 807 2178 temporalis.
863 2114 986 2162 Quae
1009 2129 1140 2170 vero,
1165 2129 1195 2159 a
1219 2112 1444 2159 CHRISTI
1468 2111 1617 2158 verbo
1642 2117 1691 2158 et
1713 2118 1878 2158 aucto-

497 2190 645 2237 ritate
687 2198 881 2237 tantum
923 2187 1263 2251 dependentia,
1306 2187 1547 2250 mysteria
1572 2186 1709 2247 fidei
1747 2193 1875 2244 sunt,

498 2281 666 2312 eorum
686 2264 1036 2328 judicationem
1047 2263 1188 2325 juris
1204 2278 1308 2310 esse
1322 2261 1626 2325 spiritualis.
1663 2261 1876 2308 Definire

497 2348 676 2397 autem,
703 2339 821 2403 quid
844 2339 907 2386 sit
942 2337 1227 2401 spirituale,
1254 2337 1371 2400 quid
1395 2335 1682 2400 temporale,
1707 2335 1877 2398 quoni-

497 2433 576 2463 am
593 2417 822 2463 Servator
840 2421 1005 2461 noster
1021 2413 1384 2460 distinctionem
1398 2412 1531 2458 illam
1545 2427 1644 2458 non
1657 2410 1874 2469 tradidit,

496 2490 698 2539 rationis
714 2489 963 2552 inquisitio
980 2497 1068 2546 est,
1084 2487 1394 2550 pertinetque
1409 2487 1472 2533 ad
1485 2487 1572 2547 jus
1588 2485 1873 2548 temporale,

497 2568 807 2628 Quamquam
848 2564 977 2611 enim
1018 2570 1213 2609 sanctus
1251 2562 1427 2608 Paulus
1462 2559 1625 2607 multis
1666 2559 1718 2606 in
1756 2559 1874 2607 locis

500 2643 662 2703 (Rom.
688 2640 785 2687 viii.
813 2646 840 2687 5
864 2660 875 2694 ;
918 2645 935 2686 1
968 2639 1078 2685 Cor.
1104 2638 1187 2685 xii.
1214 2642 1259 2695 8,
1279 2643 1326 2691 9,
1350 2637 1428 2699 10)
1458 2634 1725 2696 distinguat
1748 2634 1876 2682 inter

495 2715 792 2781 spiritualia
829 2723 880 2762 et
917 2713 1166 2771 carnalia,
1199 2721 1437 2775 vocetque
1469 2708 1764 2774 spiritualia
1802 2725 1873 2768 ea,

495 2809 605 2854 quae
625 2798 738 2839 sunt
763 2790 1004 2854 Spiritus,
1025 2789 1254 2836 nimirum
1273 2785 1588 2850 sapientiam,
1608 2799 1874 2831 sermonem

496 2867 732 2926 scientia,
754 2865 932 2927 fidem,
938 2863 1254 2928 facultatem
1288 2860 1502 2910 sanandi
1525 2858 1733 2918 morbos,
1758 2875 1875 2923 ope-
