2020 3262
323 248 411 290 144
714 256 996 291 PRAEFATIO
1023 257 1095 291 AD
1123 255 1418 290 LECTORES.

317 393 459 441 sitam
477 407 579 440 esse
596 393 885 442 maluerunt.
934 394 1210 457 Antequam
1229 393 1358 440 enim
1377 390 1666 456 quaestiones
1689 390 1816 439 illius

317 493 451 541 modi
486 493 660 556 agitari
684 501 951 557 coeperunt,
982 493 1224 556 principes
1254 497 1545 555 potestatem
1581 505 1818 538 summam

315 608 416 641 non
438 593 762 656 postulabant,
788 594 873 641 sed
892 593 1197 640 exercebant.
1269 590 1531 654 Imperium
1556 605 1698 637 suum
1719 605 1819 638 non

316 693 631 756 argumentis,
657 692 743 741 sed
764 692 1016 741 hominum
1039 692 1385 740 sceleratorum
1425 674 1618 754 quidem
1657 705 1816 753 poena,

315 794 580 856 proborum
593 809 707 840 vero
727 793 1006 840 defensione
1021 793 1297 840 tuebantur.
1332 791 1556 838 Vicissim
1574 790 1701 838 cives
1715 791 1818 854 jus-

315 893 473 941 titiam
486 909 585 940 non
604 892 903 940 sermonibus
926 892 1177 939 hominum
1191 891 1506 955 privatorum,
1527 889 1613 937 sed
1629 889 1818 952 legibus

316 993 525 1041 civitatis
542 993 866 1040 metiebantur
886 1011 896 1039 z
921 1008 1011 1040 nec
1031 990 1451 1055 disputationibus,
1469 989 1554 1037 sed
1567 989 1616 1038 vi
1630 988 1822 1052 imperii>

315 1094 366 1140 in
382 1109 502 1156 pace
521 1092 909 1140 continebantur.
946 1093 1050 1139 Imo
1072 1097 1365 1154 potestatem
1380 1105 1631 1146 summam,
1650 1088 1750 1135 sive
1767 1087 1819 1135 in

316 1208 416 1239 uno
438 1192 648 1250 homine,
669 1191 769 1239 sive
792 1191 842 1238 in
872 1207 970 1239 uno
995 1191 1200 1239 concilio
1225 1206 1282 1237 ea
1316 1189 1564 1247 resideret,
1587 1195 1819 1250 tanquam

315 1291 618 1339 divinitatem
656 1291 899 1354 quandam
935 1291 1171 1339 visibilem
1206 1290 1579 1338 venerabantur.
1646 1288 1818 1350 Itaque

315 1391 583 1439 ambitiosis
604 1390 867 1453 perditisve
885 1391 1161 1438 hominibus
1185 1390 1248 1437 ad
1266 1388 1582 1437 evertendum
1606 1386 1818 1434 civitatis

315 1498 496 1540 statum
520 1490 734 1548 minime,
754 1496 810 1537 ut
832 1506 978 1549 nunc,
1005 1505 1055 1537 se
1078 1490 1424 1552 adjungebant.
1483 1488 1612 1535 Nam
1633 1493 1689 1534 ut
1712 1502 1818 1534 eam

314 1609 433 1651 rem,
458 1608 546 1655 per
581 1607 727 1654 quam
763 1591 1174 1638 conservabantur
1210 1589 1316 1652 ipsi,
1343 1594 1677 1636 conservatam
1714 1601 1818 1634 esse

314 1692 516 1750 nollent,
557 1691 608 1738 in
647 1690 865 1738 animum
901 1688 1131 1736 inducere
1176 1704 1276 1735 non
1311 1692 1552 1751 poterant.
1622 1685 1817 1733 Scilicet

314 1793 507 1841 illorum
530 1799 805 1854 temporum
823 1790 1104 1853 simplicitas
1122 1796 1224 1836 tam
1243 1788 1437 1836 doctam
1454 1786 1708 1835 stultitiam
1721 1801 1820 1834 non

316 1892 552 1956 capiebat.
623 1892 794 1955 Itaque
825 1905 928 1953 pax
964 1897 1069 1937 erat
1107 1896 1156 1936 et
1196 1888 1411 1936 seculum
1449 1901 1664 1944 aureum,
1690 1883 1820 1948 quod

315 2009 415 2040 non
453 1999 566 2039 ante
600 1992 747 2038 finem
779 1990 952 2037 habuit
976 2005 1135 2053 quam,
1163 1989 1372 2036 Saturno
1397 1986 1611 2050 expulso,
1647 1992 1820 2033 contra

314 2109 454 2156 reges
492 2108 626 2140 arma
660 2091 777 2138 ferri
811 2106 953 2154 posse
986 2089 1150 2138 doceri
1182 2096 1411 2152 coeperat.
1449 2088 1586 2146 Haec,
1605 2086 1833 2149 inquam„

315 2201 506 2241 veteres
529 2208 629 2239 non
653 2190 797 2238 modo
821 2190 1014 2249 vidisse,
1034 2189 1120 2237 sed
1143 2190 1193 2236 in
1216 2205 1314 2236 una
1337 2203 1531 2236 suarum
1547 2185 1819 2234 fabularum

315 2293 563 2357 aptissime
585 2291 814 2339 videntur
838 2290 1147 2353 significasse.
1217 2288 1399 2336 Dicunt
1431 2287 1558 2335 enim
1583 2285 1816 2344 Ixionem,

315 2409 426 2440 cum
441 2398 568 2439 esset
582 2407 611 2438 a
626 2391 748 2438 Jove
766 2389 1009 2437 adhibitus
1029 2389 1080 2436 in
1095 2388 1384 2446 convivium,
1403 2386 1650 2434 adamasse
1669 2392 1817 2449 atque

314 2493 577 2540 solicitasse
600 2491 754 2554 ipsam
785 2491 1043 2537 Junonem.
1102 2487 1179 2536 Illi
1201 2504 1290 2551 pro
1314 2487 1418 2534 Dea
1439 2486 1617 2533 nubem
1641 2485 1691 2532 in
1715 2486 1817 2548 ejus

313 2594 523 2656 speciem
566 2593 826 2640 formatam
867 2590 1080 2638 oblatam
1126 2605 1243 2636 esse.
1313 2587 1431 2635 Inde
1476 2586 1666 2649 genitos
1713 2601 1817 2633 esse

316 2692 600 2750 CentaurOS,
646 2697 834 2738 naturae
878 2689 1058 2753 partim
1102 2689 1340 2746 humanae,
1385 2686 1564 2750 partim
1610 2686 1815 2749 equinae,

313 2806 467 2854 genus
490 2805 690 2852 pugnax
714 2796 763 2836 et
785 2788 1070 2851 inquietum.
1141 2786 1199 2833 Id
1225 2784 1351 2848 quod
1390 2783 1586 2831 mutatis
1610 2783 1815 2831 nomini-

313 2891 403 2939 bus
427 2890 557 2938 idem
581 2897 654 2937 est
679 2905 736 2937 ac
769 2889 808 2936 si
833 2887 1083 2944 dixissent,
1116 2885 1333 2934 homines
1356 2883 1586 2948 privatos,
1616 2884 1679 2933 ad
1701 2900 1815 2933 con-
