2020 3262
414 241 509 293 278
949 259 1250 293 IMPERIUM.

155 384 283 418 SECT,
303 387 371 419 111,
413 365 554 415 facile
578 368 791 415 occurrit
825 369 1006 417 subditi
1038 370 1242 432 alicujus
1266 386 1295 417 a
1317 369 1536 432 principe
1577 385 1663 416 suo
1693 368 1795 415 vita

241 437 290 467 ¹⁰·
412 441 490 488 vel
519 441 674 500 bonis,
700 443 802 490 sine
833 444 975 507 culpa
1005 445 1216 507 propria,
1249 459 1337 506 per
1366 444 1517 491 solam
1548 443 1795 491 licentiam

413 515 602 578 imperii
627 517 832 579 spoliati.

131 595 322 624 Aristwrsttia
487 596 559 638 19.
598 592 709 639 Huc
732 608 883 655 usque
906 593 1038 640 facta
1052 601 1125 641 est
1144 594 1442 656 comparatio
1465 593 1593 640 inter
1616 599 1797 640 statum

131 642 212 666 tanto
234 638 335 667 melior

131 684 375 732 est,q13ant0113‹>
414 667 774 714 monarchieum
799 676 848 714 et
875 668 1176 732 popularem
1192 687 1210 722 ;
1246 668 1305 714 de
1325 668 1656 715 aristocratia
1677 667 1798 715 taci-

131 725 397 805 ssssj‘fflffiffl‘ffss
413 748 519 788 tum
560 751 647 790 est.
717 743 791 790 De
828 743 933 801 hac,
969 759 1028 791 ex
1059 744 1116 791 iis
1154 760 1262 806 quae
1292 744 1352 791 de
1384 743 1478 791 illis
1512 743 1644 790 dicta
1668 749 1797 802 sunt,

132 820 167 839 ‘³⁸
186 812 329 839 mmmm·
413 817 606 864 videtur
624 818 849 865 concludi
871 835 1027 881 posse,
1049 835 1157 882 quae
1180 819 1490 866 haereditaria
1509 826 1597 876 est,
1615 826 1664 865 et
1688 834 1798 881 quae

414 900 647 940 contenta
670 893 1043 956 magistratuum
1067 895 1318 952 electione,
1345 894 1716 941 deliberationes
1736 893 1799 940 ad

413 984 593 1030 paucos
612 977 661 1016 et
678 969 887 1016 maxime
907 970 1106 1017 idoneos
1121 970 1426 1027 transmittit,
1445 977 1496 1016 et
1514 968 1800 1032 simpliciter

415 1060 523 1106 quae
538 1045 914 1091 monarcharum
927 1045 1145 1107 regimen
1160 1046 1382 1103 maxime,
1402 1045 1583 1109 populi
1600 1043 1800 1092 minime

415 1120 650 1177 imitatur,
675 1135 782 1167 eam
805 1119 988 1167 civibus
1013 1120 1215 1183 singulis
1239 1127 1288 1167 et
1320 1119 1570 1167 meliorem
1610 1118 1801 1167 caeteris

417 1202 465 1242 et
489 1194 842 1242 diuturniorem
867 1211 984 1242 esse.

959 1428 1172 1476 CAPUT
1195 1429 1286 1476 XI.

437 1526 555 1557 LOCA
580 1526 640 1557 ET
666 1525 891 1557 EXEMPLA
915 1526 1187 1558 SCRIPTURAE
1213 1527 1372 1559 SACRAE
1399 1527 1460 1559 DE
1485 1511 1606 1558 JURE
1634 1527 1797 1569 REGNI,

637 1593 743 1629 QUAE
769 1593 983 1624 SECUNDA
1006 1593 1252 1625 VIDENTUR
1275 1594 1569 1625 ANTEDICTIS.

418 1663 450 1698 1.
480 1660 636 1697 Initium
656 1661 818 1698 civitatis
836 1661 1067 1705 institutivae,
1088 1673 1110 1698 a
1129 1673 1313 1698 consensu
1331 1661 1475 1710 populi.
1528 1663 1565 1699 2.
1590 1660 1744 1699 Judicia
1762 1665 1800 1697 et

467 1722 566 1759 bella
592 1721 806 1770 dependere
824 1721 873 1759 ab
892 1722 1049 1758 arbitrio
1067 1722 1333 1771 imperantium
1348 1734 1593 1759 summorum.
1647 1724 1683 1760 3.
1711 1721 1802 1765 Eos,

469 1784 535 1832 qui
550 1795 741 1819 summum
758 1783 959 1831 imperium
972 1782 1123 1826 habent,
1130 1782 1218 1832 jure
1232 1781 1358 1832 puniri
1377 1795 1452 1819 non
1472 1794 1593 1831 posse.
1645 1785 1683 1820 4.
1712 1781 1802 1820 Sine

469 1856 617 1880 summo
635 1844 795 1892 imperio
814 1856 890 1880 non
910 1855 990 1880 esse
1009 1843 1211 1888 civitatem,
1234 1843 1300 1880 sed
1319 1843 1547 1880 anarchiam.
1599 1845 1637 1881 5.
1667 1842 1803 1881 Servos

471 1910 510 1942 et
527 1905 624 1942 filios
656 1905 794 1942 debere
814 1905 975 1942 dominis
995 1910 1033 1942 et
1058 1905 1279 1954 parentibus
1308 1905 1514 1954 simplicem
1536 1904 1801 1941 obedientiam.

471 1969 508 2004 6.
539 1966 771 2002 Absolutum
785 1966 986 2014 imperium
1005 1965 1293 2003 evidentissimis
1305 1970 1383 2002 tam
1398 1965 1499 2002 Novi
1517 1977 1633 2014 quam
1651 1965 1801 2002 Veteris

473 2026 708 2063 Testamenti
726 2026 818 2063 locis
838 2026 1139 2075 comprobatum.

138 2111 261 2162 initium
279 2110 407 2138 civitatis-
429 2103 468 2143 l.
494 2097 557 2143 IN
564 2111 731 2144 ITIUM
749 2096 960 2143 civitatis
978 2096 1263 2143 institutivae
1279 2096 1379 2143 sive
1393 2095 1618 2159 politicae,
1628 2094 1802 2158 capitis

135 2158 547 2234 2222221233031215sexti
592 2172 797 2219 articulo
845 2171 1073 2229 secundo,
1112 2188 1141 2218 a
1187 2187 1426 2218 consensu
1475 2169 1800 2221 multitudinis

421 2247 491 2294 ita
543 2247 882 2306 derivavimus,
939 2254 995 2294 ut
1049 2262 1216 2294 omnes
1272 2246 1543 2294 consentire
1589 2245 1666 2292 vel
1709 2261 1799 2308 pro

421 2323 643 2370 hostibus
690 2322 876 2369 censeri
936 2328 1161 2384 oportere
1208 2328 1454 2385 appareat.
1545 2320 1661 2368 Tale
1706 2319 1801 2367 fuit

422 2398 615 2446 initium
651 2398 791 2461 regni
836 2397 928 2445 Dei
973 2413 1117 2460 super
1156 2397 1355 2444 Judaeos
1394 2396 1668 2444 institutum
1713 2411 1803 2458 per

424 2474 631 2537 Moysen
682 2472 854 2534 (Exod.
879 2472 976 2519 xix.
1009 2472 1150 2533 5-8):
1211 2472 1269 2519 Si
1318 2470 1586 2519 audieritis
1638 2477 1800 2517 vocem

424 2565 592 2607 meam,
640 2555 732 2596 ete.
768 2548 915 2595 eritis
963 2547 1083 2594 mihi
1131 2548 1182 2594 in
1219 2563 1424 2611 regnam
1466 2545 1801 2604 sacerdotale,

424 2631 517 2672 ete.
556 2624 700 2672 Venit
731 2623 953 2686 Moyses,
982 2630 1033 2670 et
1062 2622 1346 2670 convocatis
1382 2619 1650 2683 majoribus
1680 2626 1801 2668 natu

415 2699 617 2763 populi,
650 2706 743 2746 ete.
791 2698 1150 2762 responditque
1178 2697 1332 2744 omnis
1362 2694 1584 2760 populus
1623 2694 1803 2741 simul:

427 2782 622 2832 cuneta,
666 2791 773 2838 quae
828 2773 1059 2836 loquutus
1109 2779 1187 2820 est
1238 2771 1494 2829 Dominus,
1525 2771 1801 2832 faciemus.

425 2850 540 2897 Tale
566 2864 760 2912 quoque
774 2848 866 2895 fuit
882 2848 1076 2895 initium
1089 2846 1342 2909 potestatis
1362 2845 1545 2908 Moysis
1565 2845 1654 2892 sub
1680 2845 1802 2903 Deo,
