1988 3178
529 686 938 730 EXCELLENTI
948 686 1139 732 SSIMO
1172 689 1341 741 VIRO,

680 840 1209 908 GULIELMO

409 1020 1459 1110 COMITIDEVQNIAE,

654 1173 806 1199 DOMINO
826 1174 906 1199 MEO
924 1174 1214 1218 colAENmssan.
1252 1151 1263 1158 ³

198 1473 499 1522 ABSOLUTA
555 1474 771 1522 sectione
811 1389 905 1522 hag
947 1474 1009 1523 de
1050 1475 1265 1524 Homine
1303 1476 1424 1524 solvi
1462 1475 1663 1523 tandem

194 1574 344 1623 fidem
366 1591 541 1624 meam.
617 1575 784 1623 Habes
820 1576 952 1624 enim
984 1576 1311 1640 Philosophiae
1341 1592 1463 1624 meae
1487 1575 1664 1639 qualis-

194 1693 389 1742 cunque
429 1677 480 1725 in
516 1677 651 1726 omni
686 1693 866 1741 genere
907 1677 1165 1726 Elementa
1198 1678 1372 1741 prima.
1444 1677 1663 1741 Contigit

195 1787 362 1828 autem
385 1779 590 1828 sectioni
612 1779 744 1837 huie,
768 1786 824 1827 ut
848 1778 958 1827 duae
981 1786 1146 1843 partes
1177 1795 1238 1828 ex
1270 1780 1444 1844 quibus
1468 1785 1663 1828 constat

195 1881 296 1930 sint
331 1880 461 1928 inter
497 1896 549 1928 se
586 1879 935 1929 dissimillimae.
1006 1881 1095 1928 Est
1125 1881 1257 1929 enim
1291 1882 1446 1930 altera
1473 1881 1662 1930 difficil-

110 1984 113 1986 ”
192 1981 325 2038 lima,
344 1980 500 2030 altera
516 1980 776 2034 facillima;
805 1980 960 2029 altera
977 1980 1491 2045 demonstrationibus,
1508 1982 1662 2031 altera

193 2083 496 2148 experientia
518 2089 778 2138 constans;
815 2082 971 2130 altera
999 2099 1028 2130 a
1057 2083 1241 2146 paucis,
1279 2083 1435 2132 altera
1464 2085 1525 2132 ab
1557 2100 1661 2133 om-

191 2186 337 2235 nibus
372 2185 584 2249 intelligi
629 2192 808 2248 potest.
893 2185 1066 2248 Itaque
1108 2187 1476 2250 conjunguntur
1522 2186 1660 2249 quasi

191 2286 256 2345 ad
290 2286 634 2351 praecipitium.
708 2286 806 2334 Sed
837 2287 1165 2335 necessarium
1203 2294 1323 2346 erat,
1361 2288 1432 2335 ita
1473 2288 1660 2336 scilicet

190 2387 471 2452 postulante
495 2387 649 2435 totius
668 2387 830 2451 operis
852 2388 1102 2436 methodo.

257 2488 422 2537 Homo
460 2489 591 2536 enim
628 2505 728 2536 non
768 2488 914 2536 modo
947 2505 1129 2553 eorpus
1161 2488 1399 2536 naturale
1445 2497 1534 2547 est,
1573 2492 1660 2540 sed

187 2588 338 2637 etiam
356 2589 584 2648 civitatis,
608 2589 758 2637 idest
779 2590 854 2649 (ut
876 2589 945 2637 ita
967 2589 1162 2653 loquar)
1195 2590 1424 2654 corporis
1450 2591 1660 2656 politici

185 2706 315 2755 pars.
386 2691 722 2741 Quamobrem
759 2692 1142 2740 considerandus
1174 2700 1280 2741 erat
1303 2700 1409 2741 tum
1431 2702 1488 2742 ut
1509 2694 1658 2743 homo

185 2800 294 2840 tum
312 2799 383 2840 'ut
411 2792 563 2848 eivis;
598 2792 650 2841 id
682 2802 771 2852 est,
801 2793 975 2842 ultima
1008 2794 1223 2857 physicae
1259 2811 1372 2842 cum
1405 2795 1658 2859 principiis

182 2893 394 2956 politicae
431 2893 776 2957 conjungenda
815 2901 971 2952 erant,
1021 2893 1306 2943 difficillima
1356 2912 1468 2943 cum
1521 2895 1658 2944 facil-
