2020 3262
670 230 740 264 DE
769 228 1096 264 RELIGIONE.
1487 223 1570 266 121

63 334 109 398 132³
182 342 317 391 ·Cum
349 357 466 406 ergo
498 357 585 390 rex
619 341 659 390 si
688 357 833 400 esses,
867 339 1090 404 iniquum
1130 340 1180 388 id
1216 356 1320 388 esse
1356 340 1575 401 ducereS,

63 418 76 426 “
185 433 350 467 nonne
371 418 531 482 legem
552 418 703 466 habes
725 416 977 465 actionum
1005 422 1203 464 tuarum
1226 416 1447 479 regulam
1471 433 1574 465 cer-

185 494 458 543 tissimam?
526 495 599 543 Ea
632 501 793 542 autem
836 493 983 541 etiam
1021 491 1186 540 divina
1221 499 1309 550 est,
1348 508 1457 555 quae
1495 509 1574 540 su-

183 571 366 635 premis
389 570 729 635 potestatibus,
764 568 815 617 id
839 576 927 628 est,
965 561 1303 632 supremorum
1328 567 1573 632 imperan-

185 647 310 696 tium
331 646 521 710 legibus
545 645 744 694 obedire
765 644 1005 709 praecipit.

249 727 298 770 6.
335 721 435 770 Sed
457 737 570 770 cum
598 720 819 768 homines
851 719 1082 767 mandata
1105 719 1197 767 Dei
1232 719 1337 782 jam
1359 718 1571 767 violave-

180 799 296 857 rint,
319 804 622 861 peccentque
658 796 891 860 quotidie,
926 795 1189 860 quomodo,
1224 795 1356 843 dicet
1379 795 1568 859 aliquis,

180 890 294 923 cum
333 873 525 937 justitia
569 873 735 920 divina
774 880 903 920 stare
938 879 1117 935 potest,
1152 879 1209 919 ut
1254 878 1569 935 peccatorum

155 953 350 1014 poenas
382 965 484 997 non
522 949 584 997 ab
622 949 717 997 illis
741 949 962 1012 requirat
997 947 1162 996 Deus?
1235 947 1333 995 Sed
1356 948 1504 995 homo
1529 948 1571 996 si

177 1025 380 1090 injurias
412 1025 504 1073 sibi
539 1024 698 1072 illatas
728 1040 978 1087 nunquam
1012 1023 1293 1082 ulciscatur,
1318 1023 1358 1071 si
1393 1023 1463 1071 ita
1496 1024 1571 1087 ig-

177 1109 351 1150 noscat
364 1107 422 1149 ut
435 1100 621 1148 nullam
637 1100 837 1149 omnino
852 1099 1136 1159 vindictam,
1152 1116 1214 1147 ne
1229 1099 1570 1163 poenitentiam

177 1177 377 1242 quidem
400 1176 579 1240 exigat,
604 1193 667 1224 an
703 1176 842 1224 illum
864 1176 1117 1240 injustum,
1143 1192 1206 1223 an
1240 1175 1405 1239 potius
1431 1192 1571 1224 sanc-

176 1261 280 1302 tum
307 1269 411 1302 esse
434 1253 855 1301 existimabimus?
926 1252 1035 1300 Nisi
1073 1268 1191 1316 ergo
1216 1252 1376 1300 Deum
1407 1252 1568 1301 minus

53 1383 61 1386 ,
176 1328 541 1378 misericordem
578 1345 681 1377 esse
721 1329 940 1377 dicamus
978 1344 1126 1392 quam
1155 1328 1395 1386 homines,
1421 1345 1569 1376 causa

57 1394 66 1400 '⁵
131 1413 134 1416 ’
174 1405 310 1454 nulla
332 1413 409 1454 est
431 1421 519 1454 cur
542 1422 645 1453 non
667 1406 822 1469 possit
845 1406 978 1453 Deus
1001 1404 1357 1469 peccatoribus,
1394 1404 1568 1452 saltem

60 1486 63 1493 '
173 1481 539 1545 poenitentibus,
578 1481 681 1529 sine
718 1482 819 1529 ulla
853 1481 1070 1544 ipsorum
1108 1488 1195 1527 aut
1232 1480 1439 1528 aliorum
1475 1496 1566 1543 pro

172 1557 267 1611 illis
289 1557 493 1622 accepta
514 1573 660 1621 poena
682 1557 951 1620 ignoscere.
1025 1555 1173 1605 Quod
1191 1555 1323 1603 Deus
1343 1555 1459 1603 olim
1477 1573 1566 1620 pro

171 1632 387 1696 peccatis
422 1632 592 1696 populi
633 1632 851 1695 exigeret
889 1631 1142 1690 sacrificia,
1173 1648 1275 1679 non
1317 1632 1567 1681 habebant

50 1703 63 1736 '-
114 1750 119 1754 ,
172 1709 258 1756 illa
279 1708 518 1759 sacrificia
541 1707 783 1756 rationem
813 1724 989 1771 poenae,
1015 1707 1102 1755 Sed
1133 1715 1273 1756 erant
1297 1709 1568 1757 constituta

171 1799 261 1848 pro
278 1783 588 1848 peccantium
613 1799 718 1831 sese
738 1783 802 1830 ad
825 1783 986 1830 Deum
1005 1783 1412 1843 convertentium,
1435 1791 1484 1832 et
1502 1785 1567 1833 ad

58 1903 67 1907 ,
171 1859 502 1908 obedientiam
524 1859 781 1922 pristinam
804 1858 1115 1907 redeuntium
1138 1859 1318 1925 signis.
1390 1861 1564 1925 Itaque

57 1927 60 1928 ⁷
118 1941 121 1943 ’
171 1935 445 1984 Servatoris
468 1935 626 1984 nostri
650 1951 781 1983 mors
805 1951 906 1983 non
930 1943 1035 1984 erat
1062 1936 1376 1999 peccantium
1399 1954 1561 2001 poena,

169 2011 258 2060 sed
300 2027 392 2076 pro
437 2011 652 2075 peccatis
699 2011 1008 2059 sacrificium.
1078 2012 1143 2060 Et
1184 2013 1317 2076 quod
1358 2021 1564 2077 peccata

57 2135 66 2139 >
91 2152 94 2155 ι
167 2095 341 2136 nostra
362 2087 581 2152 bajulare
606 2087 799 2148 dicitur,
824 2105 923 2137 non
947 2088 1105 2152 magis
1131 2088 1191 2137 de
1213 2083 1361 2153 poe'na
1381 2091 1562 2139 intelli-

55 2153 60 2188 Ῑ
167 2164 384 2228 gendum
402 2172 493 2222 est,
513 2180 661 2228 quam
680 2164 917 2212 sacrificia
931 2164 1049 2212 olim
1062 2165 1132 2213 ita
1145 2165 1560 2229 intelligebantur,

169 2256 280 2304 quae
301 2256 403 2289 non
427 2248 570 2288 erant
592 2240 644 2287 in
667 2240 763 2288 illis
782 2240 1073 2288 animalibus
1097 2249 1430 2304 peccatorum,
1450 2259 1561 2307 quae·

156 2317 520 2370 ¹commiserunt
551 2315 728 2376 Judaei,
752 2316 1048 2380 punitiones,
1073 2316 1158 2364 sed
1194 2325 1448 2382 gratorum
1471 2319 1560 2367 ho-

166 2393 356 2441 minum
392 2392 681 2441 oblationes.
729 2392 1024 2456 ·Requisivit
1055 2393 1116 2440 ab
1151 2393 1386 2442 Israelitis
1426 2395 1560 2443 Deus

159 2469 428 2533 quotannis
453 2468 576 2516 duos
610 2468 804 2524 hircos;
842 2484 1048 2532 quorum
1085 2469 1224 2529 alter,
1250 2470 1335 2534 qui
1357 2486 1447 2534 pro
1472 2472 1558 2519 ob-

165 2544 347 2594 latione
363 2552 484 2603 erat,
508 2543 870 2602 immolabatur,
890 2543 1028 2604 alter,
1048 2545 1132 2608 qui
1149 2547 1365 2609 peccatis
1387 2548 1558 2611 populi

167 2627 399 2670 oneratus
417 2627 538 2681 erat,
557 2620 847 2684 abigebatur
863 2620 915 2668 in
935 2620 1182 2670 desertum
1201 2623 1338 2686 quasi
1354 2631 1558 2687 peccata

164 2696 333 2761 populi
354 2697 746 2760 absportaturuS.
798 2696 1032 2744 Similiter
1052 2697 1290 2758 ChristUS,
1315 2706 1556 2763 quatenus

164 2770 354 2821 oblatus
388 2772 440 2820 in
476 2788 637 2829 cruce,
662 2771 851 2820 occisus
888 2779 989 2829 est3
1027 2781 1269 2837 quatenus
1292 2791 1409 2824 vero
1440 2793 1555 2840 pec-

166 2850 288 2900 catis
310 2851 489 2900 nostris
514 2858 742 2900 oneratus
762 2858 850 2911 est,
877 2853 1156 2901 resurrexit.
1200 2853 1307 2902 Nisi
1332 2854 1554 2904 Christus

1629 367 1755 399 SECT.
1778 369 1828 400 11.

1705 419 1716 449 l
1723 420 1753 449 4.

1629 464 1819 487 bqr&

1610 725 1692 754 Deus
1705 730 1809 763 pecata

1608 770 1753 798 remittere
1766 770 1828 798 sine

1606 812 1751 850 injustitia
1768 822 1815 850 po-

1607 858 1673 890 test,
1687 856 1770 885 nulla
1782 866 1828 885 ex-

1607 902 1672 928 acta
1683 909 1780 937 poena.
