2020 3262
483 277 554 312 DE
580 274 821 312 LEGIBUS
846 275 915 309 ET
940 274 1218 310 PECCATIS.
1455 266 1552 310 313

150 407 278 452 muS,
303 391 516 440 sumitur
537 390 601 440 ab
625 391 742 457 ipsa
764 406 824 438 re
838 406 949 454 quae
970 388 1269 453 praeeipitur.
1318 387 1554 437 MANDA-
1595 411 1722 445 SECT,
1742 410 1812 442 111.

155 484 275 518 TUM
307 475 474 517 autem
511 475 586 517 est
612 473 938 533 praeceptum,
973 466 1026 513 in
1062 481 1157 528 quo
1185 465 1393 528 parendi
1429 466 1556 514 ratio
1682 463 1730 494 ¹4·
1794 508 1799 518 ‚

155 544 365 594 sumitur
401 562 431 593 a
471 545 725 593 voluntate
759 542 1130 608 praecipientis,
1201 541 1403 604 Proprie
1427 542 1558 589 enim

155 637 257 670 non
271 621 469 680 dicitur,
493 621 569 669 sic
591 620 715 680 volo,
741 619 816 667 sic
822 618 994 682 jubeo,
1018 617 1115 666 nisi
1139 624 1236 665 stet
1257 632 1347 680 pro
1367 617 1558 665 ratione

157 697 405 746 voluntas,
444 696 569 745 Cum
590 712 708 745 vero
732 695 922 759 legibus
947 693 1204 742 obediatur
1226 708 1329 741 non
1356 700 1560 756 propter

158 789 264 821 rem
304 773 476 836 ipsam,
510 772 596 821 sed
634 780 839 837 propter
873 771 1178 819 voluntatem
1212 769 1560 833 praecipientis,

160 849 244 898 lex
266 865 368 897 non
407 849 678 909 eonsilium,
716 848 803 897 sed
840 847 1127 896 mandatum
1169 853 1272 901 est3
1311 845 1564 894 definitur-

161 942 256 990 que
279 925 374 973 hoc
397 925 573 974 modo:
613 940 723 974 LEX
748 932 821 972 est
858 923 1142 972 mandatnm
1179 923 1287 985 ejus
1320 937 1565 986 personae,

160 1002 265 1050 sive
287 1002 496 1050 hominis
521 1002 626 1050 sive
650 1002 821 1060 carice,
847 1001 987 1063 eujus
1005 1005 1317 1064 proeeeptum
1351 998 1568 1046 continet

162 1077 455 1126 obedientiae
491 1077 751 1125 rationem.
823 1077 894 1124 Ut
930 1082 1178 1139 praecepta
1215 1075 1308 1123 Dei
1338 1081 1566 1138 respectu

162 1153 434 1212 hominum,
453 1153 665 1201 civitatis
689 1158 918 1217 respectu
938 1151 1133 1208 civium,
1154 1159 1203 1200 et
1225 1150 1572 1199 universaliter

164 1230 383 1279 omnium
400 1229 678 1293 potentium
692 1236 920 1293 respectu
934 1244 1120 1287 eorum,
1137 1227 1221 1291 qui
1239 1243 1340 1275 non
1356 1234 1571 1291 possunt

163 1307 408 1366 resistere,
428 1322 598 1355 eorum
615 1306 750 1370 leges
770 1305 991 1354 dicendae
1016 1311 1145 1353 sunt.
1183 1304 1433 1353 Differunt
1453 1320 1572 1367 ergo

164 1382 484 1432 multifariam
514 1382 645 1431 inter
680 1398 733 1431 se
775 1382 859 1431 lex
883 1388 934 1430 et
958 1381 1232 1430 eonsilium.
1303 1381 1414 1428 Lex
1439 1381 1573 1428 enim

166 1461 271 1524 ejus
307 1466 397 1519 est,
422 1459 506 1522 qui
541 1466 840 1523 potestatem
873 1459 1024 1507 habet
1047 1458 1099 1506 in
1124 1474 1206 1507 eos
1239 1458 1415 1522 quibus
1449 1474 1576 1522 prae-

166 1535 318 1600 cipit:
369 1534 628 1583 eonsilium
665 1538 786 1600 ers,
823 1535 908 1599 qui
939 1542 1240 1598 potestatem
1270 1551 1371 1583 non
1407 1535 1574 1582 habet.

168 1613 350 1661 Facere
389 1610 442 1659 id
477 1611 610 1675 quod
646 1611 762 1676 lege
796 1611 1083 1675 praecipitur
1107 1611 1277 1674 officii,
1303 1610 1436 1675 quod
1463 1627 1576 1658 eon-

166 1688 303 1748 silio,
339 1686 549 1735 arbitrii
586 1695 676 1736 est.
751 1686 1024 1736 Consilium
1060 1687 1290 1751 dirigitur
1327 1687 1392 1736 ad
1426 1688 1578 1735 finem

167 1765 276 1828 ejus
301 1763 381 1812 eui
406 1763 724 1828 proeeipitur
739 1782 758 1819 ;
795 1763 878 1811 lex
902 1771 1068 1812 autem
1092 1764 1156 1812 ad
1191 1765 1340 1813 finem
1364 1765 1469 1827 ejus
1494 1764 1580 1828 qui

85 1852 91 1860 ’
161 1840 428 1906 proeeipit.
503 1839 775 1888 Consilium
792 1832 893 1889 non
910 1841 1007 1889 nisi
1021 1840 1298 1889 volentibus
1314 1840 1474 1899 datur,
1496 1840 1579 1887 lem

171 1915 323 1964 etiam
356 1914 652 1964 nolentibus,
713 1916 937 1980 Denique
967 1917 1048 1980 jus
1078 1916 1364 1965 consiliarii
1388 1916 1580 1964 tollitur

171 1992 376 2040 arbitrio
413 1993 534 2056 ejus,
577 1993 657 2041 cui
694 1993 954 2041 eonsilium
987 1993 1102 2042 dat:
1134 1994 1215 2057 jus
1257 1992 1580 2058 legislatoris

169 2085 272 2118 non
294 2068 487 2117 tollitur
508 2069 712 2118 arbitrio
748 2071 852 2133 ejus
884 2070 964 2118 cui
991 2070 1262 2135 imponitur
1297 2069 1395 2118 lex.

237 2152 286 2195 2.
321 2145 513 2211 Legem
539 2162 662 2205 cum
687 2153 849 2211 paeto
887 2147 1198 2196 confundunt
1235 2146 1287 2206 ii,
1325 2146 1409 2210 qui
1445 2146 1579 2209 leges
1597 2149 1752 2224 ffi⁰m2d⁰
1813 2198 1843 2225 ω

169 2229 351 2286 putant
364 2222 488 2271 nihil
503 2222 638 2271 aliud
653 2239 756 2271 esse
771 2240 919 2288 quam
934 2222 1261 2290 ὁμολογήματα,
1277 2224 1378 2272 sive
1392 2223 1579 2272 formu-
1651 2204 1703 2224 m
1727 2205 1745 2225 Β
1757 2205 1811 2234 9³⁰
1845 2216 1852 2224 ’

170 2298 244 2347 las
267 2298 482 2358 vivendi,
525 2300 776 2348 communi
799 2317 1042 2349 consensu
1062 2301 1318 2349 hominum
1344 2300 1578 2348 determi-

170 2381 332 2424 natas⁸
386 2375 525 2424 Inter
541 2392 665 2440 quos
689 2383 763 2425 est
784 2377 1076 2426 Aristoteles
1092 2377 1176 2441 qui
1195 2377 1267 2440 (in
1282 2377 1578 2425 Praefatione

172 2451 465 2501 Rhetorices
498 2452 564 2500 ad
591 2452 948 2517 Alexandrum)
984 2453 1145 2520 legem
1178 2454 1273 2502 hoc
1307 2452 1456 2501 modo
1493 2453 1578 2502 de-

171 2528 309 2577 finit:
347 2528 495 2589 Νόμος
519 2526 604 2575 ἐστὶ
627 2529 767 2593 λόγος
802 2530 1032 2592 ὡρισμένος
1055 2528 1151 2576 καθ’
1176 2527 1415 2594 ὁμολογίαν
1434 2531 1579 2583 κοινὴν

174 2605 358 2664 πόλεως,
399 2606 568 2665 μηνῦων
599 2607 690 2658 πῶς
726 2604 787 2652 δεῖ
820 2607 1017 2670 πράττειν
1051 2605 1232 2666 ἕκαστα,
1274 2605 1328 2653 id
1368 2612 1457 2665 est,
1497 2605 1579 2654 lex

173 2687 253 2730 est
298 2679 465 2728 oratio
513 2680 723 2743 definita
757 2683 915 2744 juxta
959 2698 1246 2730 consensum
1290 2698 1581 2731 communem

174 2756 418 2816 civitatib,
443 2756 675 2805 indicans
698 2758 938 2822 quomodo
955 2758 1161 2824 singula
1185 2765 1387 2824 oportet
1404 2775 1579 2824 agere.

177 2831 303 2882 Quae
327 2832 546 2882 definitio
571 2850 674 2883 non
698 2841 773 2883 est
796 2834 932 2901 legi-s·
962 2836 1263 2900 simpliciter,
1288 2835 1375 2885 sed
1399 2835 1579 2884 civilis,

175 2908 496 2959 Manifestum
519 2910 651 2960 enim
676 2917 766 2972 est,
792 2911 935 2978 leges
960 2912 1159 2961 divinas
1181 2928 1283 2961 non
1318 2928 1422 2962 esse
1446 2919 1580 2971 ortas
