1982 3256
464 252 525 302 70
975 267 1044 299 DE
1069 267 1308 299 HOMINE.

215 394 339 426 sEcT,
360 394 409 426 11,
463 373 644 420 visione
669 373 865 434 directa,
891 375 1032 423 datur
1055 377 1202 423 etiam
1228 377 1363 423 locus
1394 391 1629 438 apparens
1652 375 1830 438 objecti

222 489 227 498 .
300 446 328 476 8·
462 447 552 495 visi
574 465 660 511 per
685 449 926 512 dioptrum
952 467 1234 509 convexum,
1260 452 1342 498 &c.
1414 450 1559 499 Quod
1593 457 1697 498 erat
1718 467 1830 514 pro-

211 537 305 566 Locus
462 522 688 571 bandum.

204 590 448 661 ffififflffssssfflae„
529 597 704 646 Coroll.
741 599 995 661 Objectum
1018 600 1147 647 idem
1170 603 1324 664 majus
1342 609 1390 648 et
1412 601 1609 664 propius
1633 607 1832 663 apparet

205 668 262 696 ’ἰοῦ
280 677 446 696 ⁰⁰¹¹V⁸⁸¹¹¹¹¹·
463 673 617 720 visum
640 689 727 736 per
758 674 1002 737 dioptrum
1035 692 1301 724 convexum
1335 693 1478 739 quam
1510 675 1650 723 oculo
1682 675 1831 724 nudo.

464 747 592 795 Nam
626 748 771 796 ducta
805 756 937 796 recta
960 750 1067 807 ΟΕ,
1093 759 1142 798 et
1172 759 1363 814 sumpta
1396 752 1446 798 in
1471 751 1509 798 C
1525 752 1564 798 L
1586 758 1720 798 recta
1742 751 1781 798 C
1796 751 1834 798 P

462 823 554 886 ipsi
578 824 621 871 D
639 825 679 870 E
703 825 891 887 aequali,
921 826 1186 888 junctaque
1219 827 1255 874 P
1273 828 1309 873 F
1343 834 1535 874 secante
1560 826 1598 873 C
1615 826 1655 873 E
1689 826 1740 873 in
1769 825 1832 883 Q,

465 899 714 962 apparebit
738 901 776 946 E
793 900 836 947 D
861 901 999 948 oculo
1023 901 1152 948 nudo
1177 902 1227 948 in
1253 902 1299 950 Q
1315 902 1358 948 R
1375 902 1531 949 minor
1549 917 1692 964 quam
1711 901 1757 948 N
1773 900 1832 959 O,

466 981 515 1021 et
539 974 584 1020 N
601 974 643 1022 O
668 975 759 1022 erit
783 975 922 1023 oculo
945 977 1276 1039 propinquior.

534 1049 585 1096 Si
609 1050 870 1097 constituta
893 1051 988 1098 sint
1011 1052 1270 1114 objectum,
1296 1052 1540 1114 dioptrum
1571 1059 1620 1099 et
1652 1050 1834 1109 oculus,

466 1132 522 1171 ut
555 1124 606 1170 in
639 1125 794 1187 figura
827 1126 984 1183 tertia,
1021 1127 1369 1189 contingatque
1403 1135 1459 1174 ut
1492 1126 1611 1174 visio
1647 1126 1709 1173 sit
1740 1125 1836 1173 dis-

466 1200 633 1257 tincta,
653 1200 745 1246 hoc
769 1206 856 1257 est,
876 1208 931 1247 ut
950 1216 1115 1247 omnes
1135 1202 1273 1259 radii,
1295 1202 1378 1263 qui
1401 1202 1460 1248 ab
1485 1202 1524 1248 E
1543 1200 1762 1248 incidunt
1784 1200 1835 1248 in

470 1273 727 1336 dioptrum,
762 1275 996 1322 accedant
1031 1276 1146 1323 satis
1180 1292 1329 1339 prope
1361 1277 1423 1323 ad
1457 1292 1591 1323 axem
1622 1275 1837 1338 opticum

469 1349 506 1395 F
521 1348 559 1395 C
575 1348 864 1410 productum
882 1350 931 1396 in
954 1350 1058 1412 ipsa
1077 1351 1246 1398 retinae
1265 1351 1515 1414 superficie
1533 1372 1544 1406 ;
1569 1358 1685 1398 tunc
1703 1358 1836 1398 moto

469 1424 659 1485 obJecto
682 1424 757 1470 vel
781 1424 971 1487 dioptro
995 1427 1045 1472 in
1069 1426 1216 1473 alium
1243 1426 1418 1484 locum,
1442 1427 1512 1473 ita
1533 1433 1588 1473 ut
1611 1424 1840 1473 distantia

471 1514 576 1559 quae
600 1506 673 1545 est
702 1498 829 1545 inter
860 1499 1102 1561 objectum
1135 1508 1184 1547 et
1217 1500 1460 1563 dioptrum
1490 1507 1717 1558 mutetur,
1743 1499 1839 1547 dis-

470 1573 624 1620 tantia
640 1580 802 1620 autem
818 1573 945 1620 inter
961 1573 1205 1636 dioptrum
1221 1583 1270 1622 et
1285 1575 1476 1622 oculum
1491 1591 1589 1622 non
1604 1582 1838 1638 mutetur3

471 1647 547 1694 vel
570 1647 610 1694 si
628 1648 733 1694 haec
752 1655 982 1707 mutetur,
998 1649 1080 1695 illa
1097 1666 1195 1696 non
1214 1657 1441 1708 mutetur,
1466 1650 1559 1697 erit
1576 1650 1706 1698 facta
1721 1650 1840 1698 visio

473 1722 684 1770 confusa.
722 1723 943 1770 Incident
960 1724 1087 1770 enim
1101 1724 1241 1771 lineae
1259 1725 1465 1772 visuales
1483 1725 1534 1772 in
1552 1725 1646 1772 alia
1661 1731 1842 1788 puncta

472 1798 655 1854 retinae,
680 1813 788 1860 quae
810 1798 952 1845 nimis
975 1799 1119 1861 longe
1143 1800 1202 1846 ab
1222 1815 1311 1846 axe
1331 1800 1494 1862 optico
1513 1799 1644 1847 ultra
1662 1800 1842 1847 citrave

474 1873 679 1920 retinam
708 1874 967 1928 secabunt;
1007 1874 1143 1932 citra,
1169 1875 1208 1921 si
1233 1876 1476 1937 objectum
1499 1875 1840 1930 admoveatur3

473 1948 615 2006 ultra,
641 1948 680 1995 si
703 1955 1021 1995 removeatur.
1092 1950 1260 2011 Itaque
1285 1956 1474 1997 servata
1497 1950 1727 1998 distantia
1750 1950 1841 2009 CI,

476 2039 583 2085 quae
607 2031 679 2070 est
702 2023 827 2070 inter
850 2024 1042 2071 oculum
1066 2032 1114 2071 et
1138 2025 1399 2087 dioptrum,
1420 2026 1459 2072 si
1477 2026 1721 2088 objectum
1743 2026 1783 2072 E
1797 2026 1841 2073 D

476 2105 779 2145 removeatur
817 2115 845 2145 a
885 2099 1075 2161 dioptro
1115 2100 1319 2162 longius,
1361 2117 1459 2148 non
1498 2100 1658 2159 modo,
1698 2108 1754 2148 ut
1792 2101 1842 2148 in

476 2173 658 2220 visione
690 2173 885 2233 directa,
921 2176 1171 2236 apparebit
1203 2176 1361 2222 minus
1396 2182 1445 2223 et
1478 2175 1722 2234 remotius,
1758 2175 1843 2223 sed

479 2249 623 2295 etiam
663 2249 814 2311 magis
853 2250 1100 2312 magisque
1142 2251 1409 2309 confusum,
1451 2250 1620 2298 eodem
1659 2250 1842 2298 scilicet

477 2331 658 2385 puncto
680 2324 781 2371 viso
805 2325 854 2371 in
877 2325 1093 2387 pluribus
1117 2326 1257 2373 simul
1279 2326 1416 2373 lineis
1433 2325 1708 2373 visualibus.

546 2399 743 2458 Rursus,
768 2399 808 2446 si
831 2397 1074 2462 dioptrum
1097 2402 1156 2448 ab
1177 2401 1316 2448 oculo
1339 2407 1657 2458 removeatur,
1682 2400 1842 2463 objec-

479 2479 583 2519 tum
601 2481 762 2521 autem
778 2491 863 2522 suo
881 2475 987 2522 loco
1006 2483 1212 2534 maneat,
1232 2476 1467 2538 contingit
1482 2474 1641 2522 radios
1655 2475 1842 2538 aliquos

480 2547 795 2610 procedentes
818 2549 878 2596 ab
901 2565 997 2596 uno
1020 2558 1218 2611 puncto,
1247 2558 1302 2597 ut
1331 2551 1385 2608 Ε,
1409 2549 1620 2597 incidere
1643 2549 1694 2596 in
1727 2550 1842 2597 reti-

483 2638 593 2669 nam
616 2623 679 2670 ad
701 2624 868 2671 eadem
890 2631 1085 2686 puncta,
1110 2626 1170 2672 ad
1196 2642 1303 2688 quae
1337 2625 1555 2672 incidunt
1576 2624 1700 2672 radii
1723 2641 1841 2687 quo-

483 2713 574 2758 que
598 2698 744 2760 aliqui
768 2699 828 2746 ab
856 2699 948 2746 alio
970 2709 1167 2762 puncto,
1192 2708 1247 2747 ut
1269 2717 1297 2747 a
1319 2700 1378 2747 D.
1426 2700 1595 2762 Itaque
1617 2700 1701 2747 fiet
1722 2700 1841 2747 visio

482 2787 642 2819 rursus
665 2773 876 2832 confusa,
895 2775 1121 2823 nimirum
1146 2776 1330 2824 duobus
1352 2775 1628 2838 pluribusve
1651 2775 1842 2838 punctis

481 2847 591 2894 visis
615 2848 664 2895 in
687 2848 854 2896 visuali
878 2850 1058 2898 eadem.
