<?xml version="1.0" encoding="UTF-8"?>
<!DOCTYPE html PUBLIC "-//W3C//DTD XHTML 1.0 Transitional//EN"
    "http://www.w3.org/TR/xhtml1/DTD/xhtml1-transitional.dtd">
<html xmlns="http://www.w3.org/1999/xhtml" xml:lang="en" lang="en">
 <head>
  <title>
</title>
<meta http-equiv="Content-Type" content="text/html;charset=utf-8" />
  <meta name='ocr-system' content='tesseract 3.04.00' />
  <meta name='ocr-capabilities' content='ocr_page ocr_carea ocr_par ocr_line ocrx_word'/>
</head>
<body>
  <div class='ocr_page' id='page_1' title='image "./operaphilosophic02hobbuoft_0219.png"; bbox 0 0 2020 3262; ppageno 0'>
   <div class='ocr_carea' id='block_1_1' title="bbox 0 458 27 1200">
    <p class='ocr_par' dir='ltr' id='par_1_1' title="bbox 0 458 27 1200">
     <span class='ocr_line' id='line_1_1' title="bbox 0 458 27 1200; baseline 0 2062"><span class='ocrx_word' id='word_1_1' title='bbox 0 458 27 1200; x_wconf 95' lang='lat' dir='ltr'><strong> </strong></span> 
     </span>
    </p>
   </div>
   <div class='ocr_carea' id='block_1_2' title="bbox 473 254 1566 306">
    <p class='ocr_par' dir='ltr' id='par_1_2' title="bbox 473 254 1566 306">
     <span class='ocr_line' id='line_1_2' title="bbox 473 254 1566 306; baseline -0.003 -5"><span class='ocrx_word' id='word_1_2' title='bbox 473 263 626 302; x_wconf 81' lang='lat' dir='ltr'><strong>QUOD</strong></span> <span class='ocrx_word' id='word_1_3' title='bbox 654 263 763 297; x_wconf 77' lang='lat' dir='ltr'><strong>LEX</strong></span> <span class='ocrx_word' id='word_1_4' title='bbox 789 260 1123 306; x_wconf 75' lang='lat' dir='ltr'><strong>NATURALis,</strong></span> <span class='ocrx_word' id='word_1_5' title='bbox 1151 262 1267 296; x_wconf 74' lang='lat' dir='ltr'><strong>Ero.</strong></span> <span class='ocrx_word' id='word_1_6' title='bbox 1470 254 1566 298; x_wconf 87' lang='lat'><strong>205</strong></span> 
     </span>
    </p>
   </div>
   <div class='ocr_carea' id='block_1_3' title="bbox 166 367 1826 515">
    <p class='ocr_par' dir='ltr' id='par_1_3' title="bbox 166 367 1826 515">
     <span class='ocr_line' id='line_1_3' title="bbox 166 367 1826 439; baseline 0 -17"><span class='ocrx_word' id='word_1_7' title='bbox 166 380 269 433; x_wconf 71' lang='lat' dir='ltr'><strong>est,</strong></span> <span class='ocrx_word' id='word_1_8' title='bbox 295 380 395 421; x_wconf 77' lang='lat' dir='ltr'><strong>non</strong></span> <span class='ocrx_word' id='word_1_9' title='bbox 414 373 558 439; x_wconf 79' lang='lat' dir='ltr'><strong>apud</strong></span> <span class='ocrx_word' id='word_1_10' title='bbox 577 372 716 421; x_wconf 82' lang='lat' dir='ltr'><strong>illum</strong></span> <span class='ocrx_word' id='word_1_11' title='bbox 737 371 913 437; x_wconf 84' lang='lat' dir='ltr'><strong>gloria</strong></span> <span class='ocrx_word' id='word_1_12' title='bbox 928 387 1182 436; x_wconf 67' lang='lat' dir='ltr'><strong>personae.</strong></span> <span class='ocrx_word' id='word_1_13' title='bbox 1237 373 1380 421; x_wconf 89' lang='lat' dir='ltr'><strong>Rom.</strong></span> <span class='ocrx_word' id='word_1_14' title='bbox 1405 374 1455 421; x_wconf 93' lang='lat' dir='ltr'><strong>ii.</strong></span> <span class='ocrx_word' id='word_1_15' title='bbox 1480 381 1531 423; x_wconf 92' lang='lat' dir='ltr'><strong>ll</strong></span> <span class='ocrx_word' id='word_1_16' title='bbox 1556 394 1567 422; x_wconf 91' lang='lat'>:</span> <span class='ocrx_word' id='word_1_17' title='bbox 1593 367 1738 429; x_wconf 47' lang='lat'><strong>&#39;5502</strong></span> <span class='ocrx_word' id='word_1_18' title='bbox 1756 397 1826 430; x_wconf 74' lang='lat'><strong>111,</strong></span> 
     </span>
     <span class='ocr_line' id='line_1_4' title="bbox 174 447 1732 515; baseline -0.001 -17"><span class='ocrx_word' id='word_1_19' title='bbox 174 449 294 499; x_wconf 77' lang='lat' dir='ltr'><strong>Non</strong></span> <span class='ocrx_word' id='word_1_20' title='bbox 317 449 445 498; x_wconf 83' lang='lat' dir='ltr'><strong>enim</strong></span> <span class='ocrx_word' id='word_1_21' title='bbox 469 449 698 515; x_wconf 76' lang='lat' dir='ltr'><strong>acceptio</strong></span> <span class='ocrx_word' id='word_1_22' title='bbox 713 463 1050 514; x_wconf 78' lang='lat' dir='ltr'><strong>personarum</strong></span> <span class='ocrx_word' id='word_1_23' title='bbox 1069 448 1213 514; x_wconf 77' lang='lat' dir='ltr'><strong>apud</strong></span> <span class='ocrx_word' id='word_1_24' title='bbox 1226 447 1386 495; x_wconf 84' lang='lat' dir='ltr'><strong>Deum</strong></span> <span class='ocrx_word' id='word_1_25' title='bbox 1409 456 1500 497; x_wconf 74' lang='lat' dir='ltr'><strong>est.</strong></span> <span class='ocrx_word' id='word_1_26' title='bbox 1701 449 1732 479; x_wconf 73' lang='lat'><strong>4·</strong></span> 
     </span>
    </p>
   </div>
   <div class='ocr_carea' id='block_1_4' title="bbox 254 523 1851 587">
    <p class='ocr_par' dir='ltr' id='par_1_4' title="bbox 254 523 1851 587">
     <span class='ocr_line' id='line_1_5' title="bbox 254 523 1851 587; baseline -0.002 -13"><span class='ocrx_word' id='word_1_27' title='bbox 254 531 325 573; x_wconf 88' lang='lat'><strong>14.</strong></span> <span class='ocrx_word' id='word_1_28' title='bbox 363 525 637 574; x_wconf 90' lang='lat' dir='ltr'><strong>Undecima</strong></span> <span class='ocrx_word' id='word_1_29' title='bbox 666 525 760 582; x_wconf 89' lang='lat' dir='ltr'><strong>lex,</strong></span> <span class='ocrx_word' id='word_1_30' title='bbox 800 539 910 587; x_wconf 86' lang='lat' dir='ltr'><strong>quae</strong></span> <span class='ocrx_word' id='word_1_31' title='bbox 943 524 1085 587; x_wconf 89' lang='lat' dir='ltr'><strong>jubet</strong></span> <span class='ocrx_word' id='word_1_32' title='bbox 1125 523 1443 571; x_wconf 80' lang='lat' dir='ltr'><strong>communiter</strong></span> <span class='ocrx_word' id='word_1_33' title='bbox 1480 524 1569 571; x_wconf 80' lang='lat' dir='ltr'><strong>ha·</strong></span> <span class='ocrx_word' id='word_1_34' title='bbox 1588 532 1851 567; x_wconf 67' lang='lat' dir='ltr'><strong>1tem‚undecimae</strong></span> 
     </span>
    </p>
   </div>
   <div class='ocr_carea' id='block_1_5' title="bbox 1585 575 1829 612">
    <p class='ocr_par' dir='ltr' id='par_1_5' title="bbox 1585 575 1829 612">
     <span class='ocr_line' id='line_1_6' title="bbox 1585 575 1829 612; baseline 0.004 -9"><span class='ocrx_word' id='word_1_35' title='bbox 1585 575 1659 612; x_wconf 79' lang='lat' dir='ltr'><strong>legis</strong></span> <span class='ocrx_word' id='word_1_36' title='bbox 1684 576 1829 604; x_wconf 81' lang='lat' dir='ltr'><strong>naturalis</strong></span> 
     </span>
    </p>
   </div>
   <div class='ocr_carea' id='block_1_6' title="bbox 172 598 1852 2336">
    <p class='ocr_par' dir='ltr' id='par_1_6' title="bbox 172 598 1852 817">
     <span class='ocr_line' id='line_1_7' title="bbox 172 598 1852 669; baseline -0.003 -20"><span class='ocrx_word' id='word_1_37' title='bbox 172 601 341 650; x_wconf 81' lang='lat' dir='ltr'><strong>benda</strong></span> <span class='ocrx_word' id='word_1_38' title='bbox 365 617 477 649; x_wconf 88' lang='grc'><em>6336</em></span> <span class='ocrx_word' id='word_1_39' title='bbox 499 618 607 665; x_wconf 79' lang='lat' dir='ltr'><strong>quoe</strong></span> <span class='ocrx_word' id='word_1_40' title='bbox 632 599 793 648; x_wconf 82' lang='lat' dir='ltr'><strong>dividi</strong></span> <span class='ocrx_word' id='word_1_41' title='bbox 816 616 910 646; x_wconf 77' lang='lat' dir='ltr'><strong>non</strong></span> <span class='ocrx_word' id='word_1_42' title='bbox 924 605 1156 664; x_wconf 71' lang='lat' dir='ltr'><strong>possunt,</strong></span> <span class='ocrx_word' id='word_1_43' title='bbox 1191 599 1356 646; x_wconf 89' lang='lat' dir='ltr'><strong>nescio</strong></span> <span class='ocrx_word' id='word_1_44' title='bbox 1391 615 1455 646; x_wconf 90' lang='lat' dir='ltr'><strong>an</strong></span> <span class='ocrx_word' id='word_1_45' title='bbox 1487 615 1570 647; x_wconf 89' lang='lat' dir='ltr'><strong>ex-</strong></span> <span class='ocrx_word' id='word_1_46' title='bbox 1588 598 1852 669; x_wconf 42' lang='lat' dir='ltr'><strong>dehabenffiscoffi.</strong></span> 
     </span>
     <span class='ocr_line' id='line_1_8' title="bbox 174 663 1852 743; baseline -0.002 -17"><span class='ocrx_word' id='word_1_47' title='bbox 174 693 344 741; x_wconf 82' lang='lat' dir='ltr'><strong>presse</strong></span> <span class='ocrx_word' id='word_1_48' title='bbox 373 677 613 725; x_wconf 83' lang='lat' dir='ltr'><strong>habeatur</strong></span> <span class='ocrx_word' id='word_1_49' title='bbox 642 677 694 724; x_wconf 91' lang='lat' dir='ltr'><strong>in</strong></span> <span class='ocrx_word' id='word_1_50' title='bbox 712 675 861 724; x_wconf 89' lang='lat' dir='ltr'><strong>sacris</strong></span> <span class='ocrx_word' id='word_1_51' title='bbox 882 675 1164 739; x_wconf 86' lang='lat' dir='ltr'><strong>Scripturis,</strong></span> <span class='ocrx_word' id='word_1_52' title='bbox 1179 691 1336 723; x_wconf 88' lang='lat' dir='ltr'><strong>necne</strong></span> <span class='ocrx_word' id='word_1_53' title='bbox 1357 696 1368 730; x_wconf 92' lang='lat'>;</span> <span class='ocrx_word' id='word_1_54' title='bbox 1404 675 1569 738; x_wconf 86' lang='lat' dir='ltr'>praxis</span> <span class='ocrx_word' id='word_1_55' title='bbox 1585 663 1852 743; x_wconf 50' lang='lat' dir='ltr'><strong>ffiffiffgsssssaeuffl}</strong></span> 
     </span>
     <span class='ocr_line' id='line_1_9' title="bbox 175 752 1569 817; baseline -0.003 -15"><span class='ocrx_word' id='word_1_56' title='bbox 175 761 340 802; x_wconf 85' lang='lat' dir='ltr'><strong>autem</strong></span> <span class='ocrx_word' id='word_1_57' title='bbox 363 753 546 817; x_wconf 88' lang='lat' dir='ltr'><strong>passim</strong></span> <span class='ocrx_word' id='word_1_58' title='bbox 569 752 784 801; x_wconf 89' lang='lat' dir='ltr'><strong>occurrit</strong></span> <span class='ocrx_word' id='word_1_59' title='bbox 813 752 865 800; x_wconf 90' lang='lat' dir='ltr'><strong>in</strong></span> <span class='ocrx_word' id='word_1_60' title='bbox 894 752 1142 800; x_wconf 90' lang='lat' dir='ltr'><strong>communi</strong></span> <span class='ocrx_word' id='word_1_61' title='bbox 1171 767 1265 799; x_wconf 91' lang='lat' dir='ltr'><strong>usu</strong></span> <span class='ocrx_word' id='word_1_62' title='bbox 1291 758 1569 815; x_wconf 87' lang='lat' dir='ltr'><strong>puteorum,</strong></span> 
     </span>
    </p>

    <p class='ocr_par' dir='ltr' id='par_1_7' title="bbox 173 827 1572 888">
     <span class='ocr_line' id='line_1_10' title="bbox 173 827 1572 888; baseline -0.001 -11"><span class='ocrx_word' id='word_1_63' title='bbox 173 829 380 888; x_wconf 87' lang='lat' dir='ltr'><strong>viarum,</strong></span> <span class='ocrx_word' id='word_1_64' title='bbox 422 829 696 888; x_wconf 90' lang='lat' dir='ltr'><strong>fluminum,</strong></span> <span class='ocrx_word' id='word_1_65' title='bbox 737 845 903 876; x_wconf 89' lang='lat' dir='ltr'><strong>rerum</strong></span> <span class='ocrx_word' id='word_1_66' title='bbox 945 844 1210 887; x_wconf 87' lang='lat' dir='ltr'><strong>sacrarum,</strong></span> <span class='ocrx_word' id='word_1_67' title='bbox 1248 835 1342 875; x_wconf 88' lang='lat' dir='ltr'><strong>etc.</strong></span> <span class='ocrx_word' id='word_1_68' title='bbox 1412 827 1572 875; x_wconf 86' lang='lat' dir='ltr'><strong>Aliter</strong></span> 
     </span>
    </p>

    <p class='ocr_par' dir='ltr' id='par_1_8' title="bbox 173 903 1379 968">
     <span class='ocr_line' id='line_1_11' title="bbox 173 903 1379 968; baseline -0.002 -16"><span class='ocrx_word' id='word_1_69' title='bbox 173 905 308 952; x_wconf 88' lang='lat' dir='ltr'><strong>enim</strong></span> <span class='ocrx_word' id='word_1_70' title='bbox 329 904 436 952; x_wconf 91' lang='lat' dir='ltr'><strong>fieri</strong></span> <span class='ocrx_word' id='word_1_71' title='bbox 459 920 559 952; x_wconf 90' lang='lat' dir='ltr'><strong>non</strong></span> <span class='ocrx_word' id='word_1_72' title='bbox 583 911 792 968; x_wconf 88' lang='lat' dir='ltr'><strong>poterat,</strong></span> <span class='ocrx_word' id='word_1_73' title='bbox 818 911 874 952; x_wconf 90' lang='lat' dir='ltr'><strong>ut</strong></span> <span class='ocrx_word' id='word_1_74' title='bbox 896 904 1118 952; x_wconf 90' lang='lat' dir='ltr'><strong>homines</strong></span> <span class='ocrx_word' id='word_1_75' title='bbox 1141 903 1379 952; x_wconf 89' lang='lat' dir='ltr'><strong>viverent.</strong></span> 
     </span>
    </p>

    <p class='ocr_par' dir='ltr' id='par_1_9' title="bbox 174 979 1827 1272">
     <span class='ocr_line' id='line_1_12' title="bbox 174 979 1827 1064; baseline -0.002 -35"><span class='ocrx_word' id='word_1_76' title='bbox 174 998 178 1002; x_wconf 78' lang='grc'><strong>’</strong></span> <span class='ocrx_word' id='word_1_77' title='bbox 248 987 324 1029; x_wconf 90' lang='grc'><strong>15.</strong></span> <span class='ocrx_word' id='word_1_78' title='bbox 360 981 493 1029; x_wconf 89' lang='lat' dir='ltr'><strong>Loco</strong></span> <span class='ocrx_word' id='word_1_79' title='bbox 518 980 809 1028; x_wconf 89' lang='lat' dir='ltr'><strong>duodecimo</strong></span> <span class='ocrx_word' id='word_1_80' title='bbox 833 981 992 1043; x_wconf 82' lang='lat' dir='ltr'><strong>legem</strong></span> <span class='ocrx_word' id='word_1_81' title='bbox 1011 986 1201 1028; x_wconf 81' lang='lat' dir='ltr'><strong>naturae</strong></span> <span class='ocrx_word' id='word_1_82' title='bbox 1220 995 1325 1027; x_wconf 90' lang='lat' dir='ltr'><strong>esse</strong></span> <span class='ocrx_word' id='word_1_83' title='bbox 1345 979 1570 1038; x_wconf 81' lang='lat' dir='ltr'><strong>diximus,</strong></span> <span class='ocrx_word' id='word_1_84' title='bbox 1589 983 1827 1064; x_wconf 51' lang='lat' dir='ltr'><strong>int2¹1323i¹2⁰3ffi</strong></span> 
     </span>
     <span class='ocr_line' id='line_1_13' title="bbox 175 1055 1816 1121; baseline -0.001 -16"><span class='ocrx_word' id='word_1_85' title='bbox 175 1072 249 1116; x_wconf 87' lang='lat' dir='ltr'><strong>ea,</strong></span> <span class='ocrx_word' id='word_1_86' title='bbox 275 1072 384 1120; x_wconf 88' lang='lat' dir='ltr'><strong>quae</strong></span> <span class='ocrx_word' id='word_1_87' title='bbox 407 1073 566 1120; x_wconf 90' lang='lat' dir='ltr'><strong>neque</strong></span> <span class='ocrx_word' id='word_1_88' title='bbox 591 1056 742 1104; x_wconf 90' lang='lat' dir='ltr'><strong>dividi</strong></span> <span class='ocrx_word' id='word_1_89' title='bbox 776 1073 934 1120; x_wconf 83' lang='lat' dir='ltr'><strong>neque</strong></span> <span class='ocrx_word' id='word_1_90' title='bbox 973 1056 1300 1104; x_wconf 90' lang='lat' dir='ltr'><strong>communiter</strong></span> <span class='ocrx_word' id='word_1_91' title='bbox 1333 1055 1572 1119; x_wconf 87' lang='lat' dir='ltr'><strong>possideri</strong></span> <span class='ocrx_word' id='word_1_92' title='bbox 1589 1071 1668 1121; x_wconf 47' lang='lat' dir='ltr'><strong>ruis,</strong></span> <span class='ocrx_word' id='word_1_93' title='bbox 1681 1071 1717 1099; x_wconf 83' lang='lat' dir='ltr'><strong>de</strong></span> <span class='ocrx_word' id='word_1_94' title='bbox 1732 1075 1816 1121; x_wconf 32' lang='lat' dir='ltr'><strong>,sorte</strong></span> 
     </span>
     <span class='ocr_line' id='line_1_14' title="bbox 175 1115 1775 1196; baseline -0.001 -16"><span class='ocrx_word' id='word_1_95' title='bbox 175 1139 399 1196; x_wconf 81' lang='lat' dir='ltr'><strong>possunt,</strong></span> <span class='ocrx_word' id='word_1_96' title='bbox 419 1140 550 1180; x_wconf 81' lang='lat' dir='ltr'><strong>sorte</strong></span> <span class='ocrx_word' id='word_1_97' title='bbox 567 1132 829 1180; x_wconf 88' lang='lat' dir='ltr'><strong>tribuenda</strong></span> <span class='ocrx_word' id='word_1_98' title='bbox 843 1148 946 1180; x_wconf 86' lang='lat' dir='ltr'><strong>esse</strong></span> <span class='ocrx_word' id='word_1_99' title='bbox 964 1153 975 1188; x_wconf 90' lang='lat'>;</span> <span class='ocrx_word' id='word_1_100' title='bbox 1001 1132 1052 1180; x_wconf 90' lang='lat' dir='ltr'><strong>id</strong></span> <span class='ocrx_word' id='word_1_101' title='bbox 1069 1132 1201 1196; x_wconf 93' lang='lat' dir='ltr'><strong>quod</strong></span> <span class='ocrx_word' id='word_1_102' title='bbox 1219 1148 1332 1180; x_wconf 90' lang='lat' dir='ltr'><strong>cum</strong></span> <span class='ocrx_word' id='word_1_103' title='bbox 1348 1132 1571 1195; x_wconf 89' lang='lat' dir='ltr'><strong>exemplo</strong></span> <span class='ocrx_word' id='word_1_104' title='bbox 1590 1115 1775 1143; x_wconf 63' lang='lat' dir='ltr'>⁴³²v¹d⁰¹¹d¹⁵²</span> 
     </span>
     <span class='ocr_line' id='line_1_15' title="bbox 177 1207 1571 1272; baseline -0.001 -15"><span class='ocrx_word' id='word_1_105' title='bbox 177 1207 330 1257; x_wconf 88' lang='lat' dir='ltr'><strong>Mosis</strong></span> <span class='ocrx_word' id='word_1_106' title='bbox 350 1209 680 1267; x_wconf 88' lang='lat' dir='ltr'><strong>confirmatur,</strong></span> <span class='ocrx_word' id='word_1_107' title='bbox 691 1209 850 1272; x_wconf 87' lang='lat' dir='ltr'><strong>quiex</strong></span> <span class='ocrx_word' id='word_1_108' title='bbox 864 1216 1112 1272; x_wconf 79' lang='lat' dir='ltr'><strong>praecepto</strong></span> <span class='ocrx_word' id='word_1_109' title='bbox 1130 1208 1222 1256; x_wconf 93' lang='lat' dir='ltr'><strong>Dei</strong></span> <span class='ocrx_word' id='word_1_110' title='bbox 1242 1208 1391 1256; x_wconf 90' lang='lat' dir='ltr'><strong>Num.</strong></span> <span class='ocrx_word' id='word_1_111' title='bbox 1407 1208 1571 1266; x_wconf 81' lang='lat' dir='ltr'><strong>xxxiv,</strong></span> 
     </span>
    </p>

    <p class='ocr_par' dir='ltr' id='par_1_10' title="bbox 174 1283 1573 1348">
     <span class='ocr_line' id='line_1_16' title="bbox 174 1283 1573 1348; baseline -0.001 -16"><span class='ocrx_word' id='word_1_112' title='bbox 174 1290 340 1348; x_wconf 88' lang='lat' dir='ltr'><strong>partes</strong></span> <span class='ocrx_word' id='word_1_113' title='bbox 354 1291 499 1332; x_wconf 86' lang='lat' dir='ltr'><strong>terrae</strong></span> <span class='ocrx_word' id='word_1_114' title='bbox 513 1284 849 1348; x_wconf 87' lang='lat' dir='ltr'><strong>promissionis</strong></span> <span class='ocrx_word' id='word_1_115' title='bbox 864 1285 1088 1332; x_wconf 86' lang='lat' dir='ltr'><strong>tribubus</strong></span> <span class='ocrx_word' id='word_1_116' title='bbox 1103 1292 1241 1332; x_wconf 72' lang='lat' dir='ltr'><strong>sorte</strong></span> <span class='ocrx_word' id='word_1_117' title='bbox 1255 1283 1573 1348; x_wconf 87' lang='lat' dir='ltr'><strong>possidendas</strong></span> 
     </span>
    </p>

    <p class='ocr_par' dir='ltr' id='par_1_11' title="bbox 176 1359 1573 1425">
     <span class='ocr_line' id='line_1_17' title="bbox 176 1359 1573 1425; baseline -0.001 -17"><span class='ocrx_word' id='word_1_118' title='bbox 176 1359 333 1409; x_wconf 88' lang='lat' dir='ltr'><strong>dedit:</strong></span> <span class='ocrx_word' id='word_1_119' title='bbox 354 1367 461 1408; x_wconf 91' lang='lat' dir='ltr'><strong>tum</strong></span> <span class='ocrx_word' id='word_1_120' title='bbox 469 1361 580 1408; x_wconf 89' lang='lat' dir='ltr'><strong>Act.</strong></span> <span class='ocrx_word' id='word_1_121' title='bbox 589 1360 621 1408; x_wconf 91' lang='lat' dir='ltr'><strong>i.</strong></span> <span class='ocrx_word' id='word_1_122' title='bbox 632 1367 802 1421; x_wconf 84' lang='lat'><strong>24-26,</strong></span> <span class='ocrx_word' id='word_1_123' title='bbox 814 1361 1036 1425; x_wconf 88' lang='lat' dir='ltr'><strong>exemplo</strong></span> <span class='ocrx_word' id='word_1_124' title='bbox 1046 1361 1411 1425; x_wconf 87' lang='lat' dir='ltr'><strong>Apostolorum,</strong></span> <span class='ocrx_word' id='word_1_125' title='bbox 1424 1360 1507 1423; x_wconf 94' lang='lat' dir='ltr'><strong>qui</strong></span> <span class='ocrx_word' id='word_1_126' title='bbox 1522 1360 1573 1406; x_wconf 93' lang='lat' dir='ltr'><strong>in</strong></span> 
     </span>
    </p>

    <p class='ocr_par' dir='ltr' id='par_1_12' title="bbox 174 1436 1571 1501">
     <span class='ocr_line' id='line_1_18' title="bbox 174 1436 1571 1501; baseline -0.001 -17"><span class='ocrx_word' id='word_1_127' title='bbox 174 1453 436 1485; x_wconf 85' lang='lat' dir='ltr'><strong>numerum</strong></span> <span class='ocrx_word' id='word_1_128' title='bbox 458 1453 631 1496; x_wconf 68' lang='lat' dir='ltr'><strong>suum,</strong></span> <span class='ocrx_word' id='word_1_129' title='bbox 652 1437 721 1485; x_wconf 93' lang='lat' dir='ltr'><strong>sic</strong></span> <span class='ocrx_word' id='word_1_130' title='bbox 751 1437 961 1501; x_wconf 88' lang='lat' dir='ltr'><strong>praefati,</strong></span> <span class='ocrx_word' id='word_1_131' title='bbox 1005 1436 1078 1484; x_wconf 80' lang='lat' dir='ltr'><strong>Tu</strong></span> <span class='ocrx_word' id='word_1_132' title='bbox 1107 1436 1320 1485; x_wconf 78' lang='lat' dir='ltr'><strong>Domine</strong></span> <span class='ocrx_word' id='word_1_133' title='bbox 1351 1436 1571 1493; x_wconf 73' lang='lat' dir='ltr'><strong>ostende,</strong></span> 
     </span>
    </p>

    <p class='ocr_par' dir='ltr' id='par_1_13' title="bbox 176 1512 1574 1730">
     <span class='ocr_line' id='line_1_19' title="bbox 176 1512 1574 1578; baseline -0.001 -18"><span class='ocrx_word' id='word_1_134' title='bbox 176 1528 319 1577; x_wconf 80' lang='lat' dir='ltr'><strong>quem</strong></span> <span class='ocrx_word' id='word_1_135' title='bbox 344 1512 582 1578; x_wconf 73' lang='lat' dir='ltr'><strong>elegeris,</strong></span> <span class='ocrx_word' id='word_1_136' title='bbox 607 1512 696 1574; x_wconf 57' lang='lat' dir='ltr'><strong>&amp;aa</strong></span> <span class='ocrx_word' id='word_1_137' title='bbox 735 1514 998 1561; x_wconf 87' lang='lat' dir='ltr'><strong>Matthiam</strong></span> <span class='ocrx_word' id='word_1_138' title='bbox 1028 1529 1131 1576; x_wconf 78' lang='lat' dir='ltr'><strong>prae</strong></span> <span class='ocrx_word' id='word_1_139' title='bbox 1159 1514 1302 1561; x_wconf 88' lang='lat' dir='ltr'><strong>Justo</strong></span> <span class='ocrx_word' id='word_1_140' title='bbox 1327 1518 1464 1559; x_wconf 72' lang='lat' dir='ltr'><strong>sorte</strong></span> <span class='ocrx_word' id='word_1_141' title='bbox 1498 1527 1574 1559; x_wconf 87' lang='lat' dir='ltr'><strong>as-</strong></span> 
     </span>
     <span class='ocr_line' id='line_1_20' title="bbox 177 1588 1573 1652; baseline -0.001 -16"><span class='ocrx_word' id='word_1_142' title='bbox 177 1588 466 1652; x_wconf 89' lang='lat' dir='ltr'><strong>cripserunt.</strong></span> <span class='ocrx_word' id='word_1_143' title='bbox 494 1589 632 1636; x_wconf 90' lang='lat' dir='ltr'><strong>Idem</strong></span> <span class='ocrx_word' id='word_1_144' title='bbox 651 1589 896 1652; x_wconf 83' lang='lat' dir='ltr'><strong>colligitur</strong></span> <span class='ocrx_word' id='word_1_145' title='bbox 911 1605 971 1636; x_wconf 90' lang='lat' dir='ltr'><strong>ex</strong></span> <span class='ocrx_word' id='word_1_146' title='bbox 995 1590 1135 1636; x_wconf 88' lang='lat' dir='ltr'><strong>Prov.</strong></span> <span class='ocrx_word' id='word_1_147' title='bbox 1161 1589 1257 1636; x_wconf 89' lang='lat' dir='ltr'><strong>xvi.</strong></span> <span class='ocrx_word' id='word_1_148' title='bbox 1277 1594 1368 1636; x_wconf 89' lang='lat'><strong>33:</strong></span> <span class='ocrx_word' id='word_1_149' title='bbox 1396 1588 1573 1635; x_wconf 72' lang='lat' dir='ltr'><strong>Sortes</strong></span> 
     </span>
     <span class='ocr_line' id='line_1_21' title="bbox 177 1664 1571 1730; baseline 0 -18"><span class='ocrx_word' id='word_1_150' title='bbox 177 1664 441 1712; x_wconf 78' lang='lat' dir='ltr'><strong>mittuntur</strong></span> <span class='ocrx_word' id='word_1_151' title='bbox 474 1664 524 1712; x_wconf 79' lang='lat' dir='ltr'><strong>in</strong></span> <span class='ocrx_word' id='word_1_152' title='bbox 562 1664 735 1723; x_wconf 73' lang='lat' dir='ltr'><strong>sinum,</strong></span> <span class='ocrx_word' id='word_1_153' title='bbox 771 1665 865 1712; x_wconf 71' lang='lat' dir='ltr'><strong>sed</strong></span> <span class='ocrx_word' id='word_1_154' title='bbox 900 1681 931 1712; x_wconf 82' lang='lat' dir='ltr'><strong>a</strong></span> <span class='ocrx_word' id='word_1_155' title='bbox 963 1664 1176 1712; x_wconf 82' lang='lat' dir='ltr'><strong>Domino</strong></span> <span class='ocrx_word' id='word_1_156' title='bbox 1210 1670 1571 1730; x_wconf 74' lang='lat' dir='ltr'><strong>temperantur.</strong></span> 
     </span>
    </p>

    <p class='ocr_par' dir='ltr' id='par_1_14' title="bbox 177 1739 1574 1803">
     <span class='ocr_line' id='line_1_22' title="bbox 177 1739 1574 1803; baseline 0 -16"><span class='ocrx_word' id='word_1_157' title='bbox 177 1740 256 1799; x_wconf 86' lang='lat' dir='ltr'><strong>Et,</strong></span> <span class='ocrx_word' id='word_1_158' title='bbox 282 1756 392 1803; x_wconf 87' lang='lat' dir='ltr'><strong>quae</strong></span> <span class='ocrx_word' id='word_1_159' title='bbox 416 1739 607 1787; x_wconf 88' lang='lat' dir='ltr'><strong>decima</strong></span> <span class='ocrx_word' id='word_1_160' title='bbox 630 1741 778 1787; x_wconf 88' lang='lat' dir='ltr'><strong>tertia</strong></span> <span class='ocrx_word' id='word_1_161' title='bbox 801 1746 876 1787; x_wconf 87' lang='lat' dir='ltr'><strong>est</strong></span> <span class='ocrx_word' id='word_1_162' title='bbox 898 1740 992 1799; x_wconf 84' lang='lat' dir='ltr'><strong>lex,</strong></span> <span class='ocrx_word' id='word_1_163' title='bbox 1027 1740 1267 1788; x_wconf 85' lang='lat' dir='ltr'><strong>successio</strong></span> <span class='ocrx_word' id='word_1_164' title='bbox 1305 1740 1574 1788; x_wconf 85' lang='lat' dir='ltr'><strong>debebatur</strong></span> 
     </span>
    </p>

    <p class='ocr_par' dir='ltr' id='par_1_15' title="bbox 177 1815 1574 1879">
     <span class='ocr_line' id='line_1_23' title="bbox 177 1815 1574 1879; baseline -0.001 -15"><span class='ocrx_word' id='word_1_165' title='bbox 177 1817 354 1874; x_wconf 86' lang='lat' dir='ltr'><strong>Esavo,</strong></span> <span class='ocrx_word' id='word_1_166' title='bbox 396 1815 582 1863; x_wconf 90' lang='lat' dir='ltr'><strong>scilicet</strong></span> <span class='ocrx_word' id='word_1_167' title='bbox 620 1816 779 1878; x_wconf 91' lang='lat' dir='ltr'><strong>primo</strong></span> <span class='ocrx_word' id='word_1_168' title='bbox 804 1816 972 1879; x_wconf 83' lang='lat' dir='ltr'><strong>genito</strong></span> <span class='ocrx_word' id='word_1_169' title='bbox 1017 1817 1187 1873; x_wconf 85' lang='lat' dir='ltr'><strong>Isaaci,</strong></span> <span class='ocrx_word' id='word_1_170' title='bbox 1228 1816 1280 1863; x_wconf 87' lang='lat' dir='ltr'><strong>ni</strong></span> <span class='ocrx_word' id='word_1_171' title='bbox 1321 1816 1426 1879; x_wconf 92' lang='lat' dir='ltr'><strong>ipse</strong></span> <span class='ocrx_word' id='word_1_172' title='bbox 1466 1832 1574 1864; x_wconf 91' lang='lat' dir='ltr'><strong>eam</strong></span> 
     </span>
    </p>

    <p class='ocr_par' dir='ltr' id='par_1_16' title="bbox 182 1891 1573 1956">
     <span class='ocr_line' id='line_1_24' title="bbox 182 1891 1573 1956; baseline 0.001 -17"><span class='ocrx_word' id='word_1_173' title='bbox 182 1891 201 1954; x_wconf 96' lang='lat'>(</span> <span class='ocrx_word' id='word_1_174' title='bbox 211 1891 456 1939; x_wconf 82' lang='lat' dir='ltr'><strong>Gen.xxv.</strong></span> <span class='ocrx_word' id='word_1_175' title='bbox 474 1891 558 1953; x_wconf 85' lang='lat'><strong>33)</strong></span> <span class='ocrx_word' id='word_1_176' title='bbox 587 1891 903 1951; x_wconf 85' lang='lat' dir='ltr'><strong>vendidisset,</strong></span> <span class='ocrx_word' id='word_1_177' title='bbox 913 1892 990 1940; x_wconf 87' lang='lat' dir='ltr'><strong>vel</strong></span> <span class='ocrx_word' id='word_1_178' title='bbox 1006 1900 1147 1956; x_wconf 86' lang='lat' dir='ltr'><strong>pater</strong></span> <span class='ocrx_word' id='word_1_179' title='bbox 1163 1893 1304 1940; x_wconf 90' lang='lat' dir='ltr'><strong>aliter</strong></span> <span class='ocrx_word' id='word_1_180' title='bbox 1319 1899 1573 1940; x_wconf 81' lang='lat' dir='ltr'><strong>statueret.</strong></span> 
     </span>
    </p>

    <p class='ocr_par' dir='ltr' id='par_1_17' title="bbox 173 1967 1813 2336">
     <span class='ocr_line' id='line_1_25' title="bbox 224 1967 1813 2032; baseline 0.001 -18"><span class='ocrx_word' id='word_1_181' title='bbox 224 1973 299 2015; x_wconf 88' lang='lat'><strong>16.</strong></span> <span class='ocrx_word' id='word_1_182' title='bbox 323 1967 532 2015; x_wconf 87' lang='lat' dir='ltr'><strong>Sanctus</strong></span> <span class='ocrx_word' id='word_1_183' title='bbox 548 1967 723 2014; x_wconf 87' lang='lat' dir='ltr'><strong>Paulus</strong></span> <span class='ocrx_word' id='word_1_184' title='bbox 739 1968 953 2016; x_wconf 90' lang='lat' dir='ltr'><strong>scribens</strong></span> <span class='ocrx_word' id='word_1_185' title='bbox 969 1968 1032 2015; x_wconf 89' lang='lat' dir='ltr'><strong>ad</strong></span> <span class='ocrx_word' id='word_1_186' title='bbox 1041 1969 1328 2016; x_wconf 88' lang='lat' dir='ltr'><strong>Corinthios</strong></span> <span class='ocrx_word' id='word_1_187' title='bbox 1342 1969 1359 2023; x_wconf 86' lang='lat'>(</span> <span class='ocrx_word' id='word_1_188' title='bbox 1367 1975 1383 2016; x_wconf 96' lang='lat' dir='ltr'><strong>l</strong></span> <span class='ocrx_word' id='word_1_189' title='bbox 1399 1968 1450 2015; x_wconf 93' lang='lat' dir='ltr'><em>E</em></span> <span class='ocrx_word' id='word_1_190' title='bbox 1445 1968 1573 2032; x_wconf 74' lang='lat' dir='ltr'><strong>pist.</strong></span> <span class='ocrx_word' id='word_1_191' title='bbox 1595 1980 1813 2031; x_wconf 57' lang='lat' dir='ltr'><strong>Itqm‚deci11[1ae</strong></span> 
     </span>
     <span class='ocr_line' id='line_1_26' title="bbox 179 2024 1801 2108; baseline 0.004 -18"><span class='ocrx_word' id='word_1_192' title='bbox 179 2059 286 2106; x_wconf 92' lang='lat' dir='ltr'><strong>cap.</strong></span> <span class='ocrx_word' id='word_1_193' title='bbox 311 2043 399 2106; x_wconf 89' lang='lat' dir='ltr'><strong>vi.)</strong></span> <span class='ocrx_word' id='word_1_194' title='bbox 440 2043 642 2106; x_wconf 89' lang='lat' dir='ltr'><strong>corripit</strong></span> <span class='ocrx_word' id='word_1_195' title='bbox 680 2043 809 2092; x_wconf 91' lang='lat' dir='ltr'><strong>illius</strong></span> <span class='ocrx_word' id='word_1_196' title='bbox 848 2044 1056 2092; x_wconf 87' lang='lat' dir='ltr'><strong>civitatis</strong></span> <span class='ocrx_word' id='word_1_197' title='bbox 1082 2045 1400 2103; x_wconf 82' lang='lat' dir='ltr'><strong>Christianos,</strong></span> <span class='ocrx_word' id='word_1_198' title='bbox 1443 2043 1576 2108; x_wconf 89' lang='lat' dir='ltr'><strong>quod</strong></span> <span class='ocrx_word' id='word_1_199' title='bbox 1593 2024 1801 2103; x_wconf 55' lang='grc' dir='ltr'><strong>ἓξῖἶῖῗιῑζῗῗῖ</strong></span> 
     </span>
     <span class='ocr_line' id='line_1_27' title="bbox 173 2112 1799 2184; baseline 0.002 -18"><span class='ocrx_word' id='word_1_200' title='bbox 173 2119 373 2183; x_wconf 84' lang='lat' dir='ltr'><strong>judiciis</strong></span> <span class='ocrx_word' id='word_1_201' title='bbox 429 2119 705 2167; x_wconf 82' lang='lat' dir='ltr'><strong>forensibus</strong></span> <span class='ocrx_word' id='word_1_202' title='bbox 763 2120 895 2183; x_wconf 89' lang='lat' dir='ltr'><strong>apud</strong></span> <span class='ocrx_word' id='word_1_203' title='bbox 945 2120 1135 2184; x_wconf 87' lang='lat' dir='ltr'><strong>judices</strong></span> <span class='ocrx_word' id='word_1_204' title='bbox 1181 2121 1416 2179; x_wconf 87' lang='lat' dir='ltr'><strong>infideles,</strong></span> <span class='ocrx_word' id='word_1_205' title='bbox 1463 2137 1575 2168; x_wconf 89' lang='lat' dir='ltr'><strong>suos</strong></span> <span class='ocrx_word' id='word_1_206' title='bbox 1594 2112 1799 2184; x_wconf 55' lang='grc' dir='ltr'><strong>ζξζξξζῗωᾱο</strong></span> 
     </span>
     <span class='ocr_line' id='line_1_28' title="bbox 178 2195 1576 2255; baseline 0 -11"><span class='ocrx_word' id='word_1_207' title='bbox 178 2196 360 2255; x_wconf 90' lang='lat' dir='ltr'><strong>hostes,</strong></span> <span class='ocrx_word' id='word_1_208' title='bbox 402 2195 533 2243; x_wconf 89' lang='lat' dir='ltr'><strong>inter</strong></span> <span class='ocrx_word' id='word_1_209' title='bbox 579 2212 629 2243; x_wconf 90' lang='lat' dir='ltr'><strong>se</strong></span> <span class='ocrx_word' id='word_1_210' title='bbox 668 2196 1051 2252; x_wconf 89' lang='lat' dir='ltr'><strong>contenderent;</strong></span> <span class='ocrx_word' id='word_1_211' title='bbox 1089 2197 1322 2245; x_wconf 90' lang='lat' dir='ltr'><strong>delictum</strong></span> <span class='ocrx_word' id='word_1_212' title='bbox 1359 2213 1464 2244; x_wconf 87' lang='lat' dir='ltr'><strong>esse</strong></span> <span class='ocrx_word' id='word_1_213' title='bbox 1504 2197 1576 2244; x_wconf 93' lang='lat' dir='ltr'><strong>in-</strong></span> 
     </span>
     <span class='ocr_line' id='line_1_29' title="bbox 180 2271 1576 2336; baseline 0.002 -18"><span class='ocrx_word' id='word_1_214' title='bbox 180 2271 368 2334; x_wconf 90' lang='lat' dir='ltr'><strong>quiens,</strong></span> <span class='ocrx_word' id='word_1_215' title='bbox 387 2271 520 2334; x_wconf 90' lang='lat' dir='ltr'><strong>quod</strong></span> <span class='ocrx_word' id='word_1_216' title='bbox 552 2287 651 2318; x_wconf 92' lang='lat' dir='ltr'><strong>non</strong></span> <span class='ocrx_word' id='word_1_217' title='bbox 680 2272 853 2319; x_wconf 84' lang='lat' dir='ltr'><strong>malint</strong></span> <span class='ocrx_word' id='word_1_218' title='bbox 880 2272 1107 2335; x_wconf 89' lang='lat' dir='ltr'><strong>injuriam</strong></span> <span class='ocrx_word' id='word_1_219' title='bbox 1130 2272 1351 2336; x_wconf 89' lang='lat' dir='ltr'><strong>accipere</strong></span> <span class='ocrx_word' id='word_1_220' title='bbox 1375 2280 1425 2320; x_wconf 88' lang='lat' dir='ltr'><strong>et</strong></span> <span class='ocrx_word' id='word_1_221' title='bbox 1443 2273 1576 2321; x_wconf 88' lang='lat' dir='ltr'><strong>frau-</strong></span> 
     </span>
    </p>
   </div>
   <div class='ocr_carea' id='block_1_7' title="bbox 181 2347 1577 2412">
    <p class='ocr_par' dir='ltr' id='par_1_18' title="bbox 181 2347 1577 2412">
     <span class='ocr_line' id='line_1_30' title="bbox 181 2347 1577 2412; baseline 0.001 -18"><span class='ocrx_word' id='word_1_222' title='bbox 181 2347 293 2395; x_wconf 91' lang='lat' dir='ltr'><strong>dem</strong></span> <span class='ocrx_word' id='word_1_223' title='bbox 311 2347 430 2411; x_wconf 87' lang='lat' dir='ltr'><strong>pati.</strong></span> <span class='ocrx_word' id='word_1_224' title='bbox 484 2348 572 2394; x_wconf 92' lang='lat' dir='ltr'><strong>Est</strong></span> <span class='ocrx_word' id='word_1_225' title='bbox 597 2347 726 2394; x_wconf 91' lang='lat' dir='ltr'><strong>enim</strong></span> <span class='ocrx_word' id='word_1_226' title='bbox 751 2347 872 2395; x_wconf 89' lang='lat' dir='ltr'><strong>illud</strong></span> <span class='ocrx_word' id='word_1_227' title='bbox 904 2355 1076 2396; x_wconf 87' lang='lat' dir='ltr'><strong>contra</strong></span> <span class='ocrx_word' id='word_1_228' title='bbox 1105 2349 1265 2412; x_wconf 85' lang='lat' dir='ltr'><strong>legem</strong></span> <span class='ocrx_word' id='word_1_229' title='bbox 1296 2349 1445 2408; x_wconf 89' lang='lat' dir='ltr'><strong>illam,</strong></span> <span class='ocrx_word' id='word_1_230' title='bbox 1480 2365 1577 2412; x_wconf 92' lang='lat' dir='ltr'><strong>qua</strong></span> 
     </span>
    </p>
   </div>
   <div class='ocr_carea' id='block_1_8' title="bbox 92 2423 1577 2487">
    <p class='ocr_par' dir='ltr' id='par_1_19' title="bbox 92 2423 1577 2487">
     <span class='ocr_line' id='line_1_31' title="bbox 92 2423 1577 2487; baseline 0.001 -17"><span class='ocrx_word' id='word_1_231' title='bbox 92 2444 104 2456; x_wconf 87' lang='grc'><em>·</em></span> <span class='ocrx_word' id='word_1_232' title='bbox 175 2424 407 2487; x_wconf 86' lang='lat' dir='ltr'><strong>jubemur</strong></span> <span class='ocrx_word' id='word_1_233' title='bbox 452 2430 618 2471; x_wconf 80' lang='lat' dir='ltr'><strong>mutuo</strong></span> <span class='ocrx_word' id='word_1_234' title='bbox 658 2423 898 2471; x_wconf 82' lang='lat' dir='ltr'><strong>commodi</strong></span> <span class='ocrx_word' id='word_1_235' title='bbox 945 2441 1071 2472; x_wconf 84' lang='grc'><em>6336.</em></span> <span class='ocrx_word' id='word_1_236' title='bbox 1157 2425 1254 2473; x_wconf 84' lang='lat' dir='ltr'><strong>Sed</strong></span> <span class='ocrx_word' id='word_1_237' title='bbox 1301 2425 1342 2472; x_wconf 91' lang='lat' dir='ltr'><strong>si</strong></span> <span class='ocrx_word' id='word_1_238' title='bbox 1382 2424 1577 2472; x_wconf 87' lang='lat' dir='ltr'><strong>accidat</strong></span> 
     </span>
    </p>
   </div>
   <div class='ocr_carea' id='block_1_9' title="bbox 111 2499 1577 2944">
    <p class='ocr_par' dir='ltr' id='par_1_20' title="bbox 111 2499 1577 2944">
     <span class='ocr_line' id='line_1_32' title="bbox 182 2499 1577 2563; baseline 0.001 -17"><span class='ocrx_word' id='word_1_239' title='bbox 182 2499 566 2547; x_wconf 85' lang='lat' dir='ltr'><strong>controversiam</strong></span> <span class='ocrx_word' id='word_1_240' title='bbox 604 2515 709 2547; x_wconf 90' lang='lat' dir='ltr'><strong>esse</strong></span> <span class='ocrx_word' id='word_1_241' title='bbox 735 2499 795 2546; x_wconf 91' lang='lat' dir='ltr'><strong>de</strong></span> <span class='ocrx_word' id='word_1_242' title='bbox 818 2500 964 2547; x_wconf 90' lang='lat' dir='ltr'><strong>rebus</strong></span> <span class='ocrx_word' id='word_1_243' title='bbox 988 2500 1294 2558; x_wconf 89' lang='lat' dir='ltr'><strong>necessariis,</strong></span> <span class='ocrx_word' id='word_1_244' title='bbox 1353 2500 1471 2563; x_wconf 92' lang='lat' dir='ltr'><strong>quid</strong></span> <span class='ocrx_word' id='word_1_245' title='bbox 1504 2500 1577 2548; x_wconf 88' lang='lat' dir='ltr'><strong>fa-</strong></span> 
     </span>
     <span class='ocr_line' id='line_1_33' title="bbox 183 2574 1574 2639; baseline 0.001 -16"><span class='ocrx_word' id='word_1_246' title='bbox 183 2575 411 2623; x_wconf 90' lang='lat' dir='ltr'><strong>ciendum</strong></span> <span class='ocrx_word' id='word_1_247' title='bbox 429 2574 535 2623; x_wconf 84' lang='lat' dir='ltr'><strong>est?</strong></span> <span class='ocrx_word' id='word_1_248' title='bbox 562 2575 734 2638; x_wconf 88' lang='lat' dir='ltr'><strong>Itaque</strong></span> <span class='ocrx_word' id='word_1_249' title='bbox 754 2575 1017 2638; x_wconf 89' lang='lat' dir='ltr'><strong>Apostolus</strong></span> <span class='ocrx_word' id='word_1_250' title='bbox 1031 2575 1173 2638; x_wconf 87' lang='lat' dir='ltr'><strong>(vers.</strong></span> <span class='ocrx_word' id='word_1_251' title='bbox 1185 2578 1231 2638; x_wconf 86' lang='lat'><strong>5)</strong></span> <span class='ocrx_word' id='word_1_252' title='bbox 1249 2576 1318 2624; x_wconf 90' lang='lat' dir='ltr'><strong>sic</strong></span> <span class='ocrx_word' id='word_1_253' title='bbox 1335 2575 1574 2639; x_wconf 88' lang='lat' dir='ltr'><strong>loquitur:</strong></span> 
     </span>
     <span class='ocr_line' id='line_1_34' title="bbox 180 2651 1576 2700; baseline 0.001 -1"><span class='ocrx_word' id='word_1_254' title='bbox 180 2651 273 2699; x_wconf 78' lang='lat' dir='ltr'><strong>Ad</strong></span> <span class='ocrx_word' id='word_1_255' title='bbox 291 2651 639 2699; x_wconf 78' lang='lat' dir='ltr'><strong>verecundiam</strong></span> <span class='ocrx_word' id='word_1_256' title='bbox 663 2657 879 2698; x_wconf 72' lang='lat' dir='ltr'><strong>vestram</strong></span> <span class='ocrx_word' id='word_1_257' title='bbox 911 2651 1039 2700; x_wconf 82' lang='lat' dir='ltr'><strong>dico.</strong></span> <span class='ocrx_word' id='word_1_258' title='bbox 1110 2651 1198 2700; x_wconf 83' lang='lat' dir='ltr'><strong>Sic</strong></span> <span class='ocrx_word' id='word_1_259' title='bbox 1222 2668 1318 2699; x_wconf 72' lang='lat' dir='ltr'><strong>non</strong></span> <span class='ocrx_word' id='word_1_260' title='bbox 1342 2658 1420 2700; x_wconf 76' lang='lat' dir='ltr'><strong>est</strong></span> <span class='ocrx_word' id='word_1_261' title='bbox 1444 2652 1576 2700; x_wconf 79' lang='lat' dir='ltr'><strong>inter</strong></span> 
     </span>
     <span class='ocr_line' id='line_1_35' title="bbox 180 2728 1576 2793; baseline 0.001 -18"><span class='ocrx_word' id='word_1_262' title='bbox 180 2743 268 2775; x_wconf 73' lang='lat' dir='ltr'><strong>vos</strong></span> <span class='ocrx_word' id='word_1_263' title='bbox 296 2728 502 2792; x_wconf 75' lang='lat' dir='ltr'><strong>sapiens</strong></span> <span class='ocrx_word' id='word_1_264' title='bbox 540 2728 817 2793; x_wconf 71' lang='lat' dir='ltr'><strong>quisquam,</strong></span> <span class='ocrx_word' id='word_1_265' title='bbox 851 2728 939 2792; x_wconf 77' lang='lat' dir='ltr'><strong>qui</strong></span> <span class='ocrx_word' id='word_1_266' title='bbox 963 2728 1135 2792; x_wconf 74' lang='lat' dir='ltr'><strong>possit</strong></span> <span class='ocrx_word' id='word_1_267' title='bbox 1159 2728 1405 2790; x_wconf 80' lang='lat' dir='ltr'><strong>judicare</strong></span> <span class='ocrx_word' id='word_1_268' title='bbox 1442 2728 1576 2776; x_wconf 78' lang='lat' dir='ltr'><strong>inter</strong></span> 
     </span>
     <span class='ocr_line' id='line_1_36' title="bbox 111 2796 1576 2869; baseline 0.003 -20"><span class='ocrx_word' id='word_1_269' title='bbox 111 2797 114 2800; x_wconf 68' lang='grc'><strong>’</strong></span> <span class='ocrx_word' id='word_1_270' title='bbox 163 2801 398 2866; x_wconf 78' lang='lat' dir='ltr'><strong>fratrem</strong></span> <span class='ocrx_word' id='word_1_271' title='bbox 424 2820 562 2852; x_wconf 73' lang='lat' dir='ltr'><strong>suum</strong></span> <span class='ocrx_word' id='word_1_272' title='bbox 579 2807 606 2852; x_wconf 60' lang='lat'><em>3</em></span> <span class='ocrx_word' id='word_1_273' title='bbox 645 2796 918 2852; x_wconf 84' lang='lat' dir='ltr'><strong>Confirmat</strong></span> <span class='ocrx_word' id='word_1_274' title='bbox 941 2805 1093 2868; x_wconf 89' lang='lat' dir='ltr'><strong>igitur</strong></span> <span class='ocrx_word' id='word_1_275' title='bbox 1115 2805 1210 2853; x_wconf 91' lang='lat' dir='ltr'><strong>illis</strong></span> <span class='ocrx_word' id='word_1_276' title='bbox 1237 2805 1398 2853; x_wconf 89' lang='lat' dir='ltr'><strong>verbis</strong></span> <span class='ocrx_word' id='word_1_277' title='bbox 1416 2805 1576 2869; x_wconf 85' lang='lat' dir='ltr'><strong>legem</strong></span> 
     </span>
     <span class='ocr_line' id='line_1_37' title="bbox 184 2879 1575 2944; baseline 0.001 -17"><span class='ocrx_word' id='word_1_278' title='bbox 184 2884 388 2938; x_wconf 84' lang='lat' dir='ltr'><strong>naturae,</strong></span> <span class='ocrx_word' id='word_1_279' title='bbox 421 2895 567 2943; x_wconf 86' lang='lat' dir='ltr'><strong>quam</strong></span> <span class='ocrx_word' id='word_1_280' title='bbox 590 2879 952 2929; x_wconf 82' lang='lat' dir='ltr'><strong>numeravimus</strong></span> <span class='ocrx_word' id='word_1_281' title='bbox 976 2880 1216 2929; x_wconf 85' lang='lat' dir='ltr'><strong>decimam</strong></span> <span class='ocrx_word' id='word_1_282' title='bbox 1239 2881 1477 2944; x_wconf 87' lang='lat' dir='ltr'><strong>quintam,</strong></span> <span class='ocrx_word' id='word_1_283' title='bbox 1500 2882 1575 2929; x_wconf 91' lang='lat' dir='ltr'><strong>ni-</strong></span> 
     </span>
    </p>
   </div>
  </div>
 </body>
</html>
