2020 3262
402 281 474 315 DE
502 280 740 315 LEGIBUS
769 277 1007 312 NATURAE
1035 278 1322 316 RELIQUIS.
1465 271 1555 314 195

164 398 242 440 est
277 391 430 455 igitur
468 389 845 439 existimandum
880 397 1071 447 natura,
1106 389 1200 437 hoc
1238 397 1327 448 est,
1369 392 1559 440 ratione
1599 415 1727 447 SECT,
1753 415 1820 447 111,

164 467 374 532 obligari
395 467 617 516 homines
640 466 704 515 ad
730 465 1018 514 exercitium
1035 480 1205 513 earum
1224 466 1492 525 omnium,*
1508 468 1561 515 in
1697 467 1726 497 3·

164 558 226 592 eo
249 550 380 592 statu
402 543 658 592 hominum
676 542 727 590 in
751 557 848 605 quo
876 556 977 589 non
1011 547 1303 588 exercentur
1339 542 1401 588 ab
1436 542 1560 590 aliis.

165 619 364 668 Interea
375 625 541 667 tamen
556 618 829 682 obligamur
843 616 907 664 ad
921 616 1139 665 animum
1154 632 1235 664 eas
1253 617 1560 677 observandi,

163 694 558 759 quandocunque
570 693 636 742 ad
649 694 811 751 finem,
829 692 894 740 ad
908 708 1055 756 quem
1069 692 1375 750 ordinantur,
1392 708 1561 740 earum

164 770 441 819 observatio
472 770 747 818 conducere
781 768 1042 817 videbitur.
1113 768 1328 832 Ideoque
1361 768 1563 816 conclu-

164 845 384 895 dendum
397 853 487 905 est,
502 845 663 910 legem
675 851 865 893 naturae
880 860 1071 908 semper
1084 852 1135 893 et
1147 844 1328 908 ubique
1344 844 1562 908 obligare

164 922 219 971 in
232 922 367 987 soro
403 921 598 970 interno
633 921 733 969 sive
775 920 1098 980 conscientia,
1141 937 1242 969 non
1284 935 1476 984 semper
1510 920 1564 967 in

144 997 281 1062 soro
305 1003 513 1045 externo
528 1015 548 1052 ;
583 996 670 1044 sed
691 1003 798 1044 tum
821 996 1142 1056 solummodo,
1178 1013 1292 1045 cum
1316 1012 1487 1045 secure
1511 996 1564 1044 id

163 1073 273 1122 fieri
293 1073 464 1137 possit.
1504 1065 1506 1068 ’

232 1154 315 1198 28.
340 1149 466 1198 Quae
478 1164 595 1196 vero
612 1149 745 1212 leges
764 1149 1112 1197 conscientiam
1133 1149 1370 1213 obligant,
1389 1148 1563 1196 violari
1580 1163 1828 1201 mmmmm

164 1231 371 1290 possunt
390 1223 540 1281 facto,
565 1240 667 1272 non
690 1223 847 1272 solum
870 1225 928 1272 iis
954 1225 1217 1284 contrario,
1255 1225 1342 1273 sed
1365 1232 1417 1273 et
1445 1241 1562 1272 con-
1579 1207 1852 1290 ζζζῗῖζξᾷῗζᾜῖἶε

163 1307 398 1349 sentaneo
419 1319 430 1347 ε
474 1299 715 1363 siquidem
755 1301 839 1364 qui
878 1301 1014 1359 facit,
1061 1301 1364 1349 contrarium
1402 1308 1560 1364 putet.
1580 1298 1783 1325 ⁰⁰⁸⁵⁴³¹²²²²¹¹⁰²

166 1375 480 1440 Quamquam
515 1376 647 1424 enim
686 1377 816 1425 actio
853 1377 960 1441 ipsa
1000 1377 1269 1426 secundum
1307 1378 1442 1442 leges
1481 1378 1561 1437 sit,

165 1452 470 1501 conscientia
492 1459 659 1501 tamen
683 1461 858 1502 contra
881 1460 970 1502 est.

233 1534 315 1578 29.
351 1529 507 1593 Leges
525 1537 717 1578 naturae
742 1529 1074 1578 immutabiles
1109 1538 1159 1578 et
1193 1537 1388 1578 aeternae
1418 1537 1561 1578 sunt:
1583 1547 1677 1596 Leges
1690 1548 1810 1595 natum·

165 1604 302 1669 quod
326 1611 513 1662 vetant,
546 1621 801 1668 nunquam
834 1605 1025 1653 licitum
1057 1622 1163 1654 esse
1196 1613 1392 1670 potest:
1430 1606 1565 1670 quod
1581 1588 1855 1621 ⁸¹¹¹¹²¹m¹¹¹uu²b¹¹⁹⁵

161 1681 356 1745 jubent,
397 1697 652 1745 nunquam
685 1681 926 1730 illicitum.
997 1682 1282 1745 Numquam
1316 1682 1449 1729 enim
1488 1698 1571 1730 su-

159 1756 713 1822 perbia,ingratitad0,
721 1764 996 1822 pactorum
1011 1757 1347 1816 violati0,sive
1363 1758 1570 1821 injuria,

170 1833 522 1891 inhumanitas,
565 1833 862 1881 contumelia
897 1833 1063 1893 licitae,
1092 1850 1184 1882 nec
1209 1835 1471 1883 contrariae
1494 1834 1571 1883 his

167 1908 378 1957 virtutes
400 1908 590 1956 illicitae
613 1915 773 1968 erunt,
801 1917 1041 1972 quatenus
1059 1925 1150 1973 pro
1181 1909 1333 1958 animi
1369 1910 1574 1974 disposi-

221 2047 245 2070 *
259 2042 505 2079 Exercilium
530 2055 660 2079 earum
691 2043 866 2087 omnium,
886 2041 976 2091 eta]
1008 2042 1091 2081 Imo
1110 2044 1210 2081 inter
1223 2044 1290 2081 has
1322 2044 1425 2094 leges
1444 2044 1572 2094 aliqua

167 2108 271 2149 sunt,
290 2116 456 2154 quorum
475 2104 514 2140 in
533 2108 634 2141 statu
654 2103 819 2141 naturali
837 2104 1002 2149 omissio,
1019 2104 1133 2142 modo
1152 2105 1189 2142 id
1209 2106 1315 2155 pacis
1333 2105 1393 2143 vel
1407 2106 1465 2143 sui
1481 2119 1572 2144 con-

168 2165 346 2203 servandi
382 2177 499 2203 causa
533 2165 613 2210 fiat,
650 2165 744 2216 legis
775 2166 957 2203 naturalis
993 2166 1214 2216 adimpletio
1244 2167 1374 2217 potius
1407 2167 1570 2212 videtur,

167 2239 288 2278 quam
306 2226 476 2264 violatio.
530 2225 636 2263 Nam
667 2227 735 2276 qui
768 2227 897 2265 omnia
929 2226 1022 2265 facit
1053 2233 1189 2266 contra
1218 2229 1347 2267 omnia
1375 2228 1570 2274 facientes,

169 2289 361 2338 eripitque
379 2287 626 2337 rapientibus,
638 2300 794 2338 aequum
814 2288 919 2326 facit.
948 2287 1095 2327 Contra
1108 2295 1248 2336 autem,
1263 2291 1303 2328 id
1321 2290 1448 2328 facere
1467 2291 1572 2341 quod

170 2350 210 2388 in
230 2362 326 2400 pace
343 2348 481 2387 modus
499 2354 557 2386 est
574 2354 613 2386 et
639 2349 801 2387 modesti
828 2349 1004 2396 hominis,
1023 2351 1062 2388 in
1092 2351 1192 2389 bello
1210 2352 1364 2402 ignavia
1381 2357 1439 2390 est
1457 2358 1496 2390 et
1514 2361 1573 2397 sui

169 2410 349 2461 proditio.
396 2409 495 2449 Sunt
513 2415 642 2448 autem
661 2411 765 2461 leges
783 2411 921 2461 aliquae
941 2412 1147 2457 naturales,
1165 2426 1328 2464 quarum
1348 2427 1396 2452 ne
1415 2415 1454 2451 in
1474 2413 1575 2452 bello

169 2472 329 2524 quidem
347 2471 572 2509 exercitium
592 2471 742 2510 desinit.
771 2471 873 2510 Nam
890 2473 985 2524 quid
1003 2473 1178 2520 ebrietas,
1198 2475 1340 2525 quidve
1357 2475 1574 2522 crudelitas,

171 2534 213 2572 id
230 2538 298 2580 est,
318 2532 487 2571 vindicta
515 2545 603 2584 quae
633 2532 807 2571 futurum
838 2534 985 2572 bonum
1012 2547 1088 2572 non
1108 2537 1275 2585 respicit,
1294 2537 1343 2574 ad
1361 2549 1496 2586 pacem
1515 2545 1575 2582 vel

170 2595 501 2634 conservationem
520 2594 748 2645 cujusquam
767 2595 931 2633 hominis
949 2595 1125 2634 conferre
1145 2597 1274 2647 possit,
1295 2610 1371 2636 non
1391 2599 1574 2650 intelligo.

172 2656 358 2702 Breviter,
377 2657 417 2694 in
435 2661 537 2695 statu
565 2662 723 2702 naturae,
736 2656 886 2708 justum
905 2663 944 2695 et
961 2657 1144 2708 injustum
1173 2671 1249 2697 non
1268 2672 1317 2698 ex
1344 2661 1574 2706 actionibus,

171 2718 240 2758 sed
257 2731 307 2757 ex
325 2719 483 2757 consilio
502 2724 541 2757 et
560 2720 796 2757 conscientia
823 2719 1020 2770 agentium
1049 2720 1317 2758 aestimandum
1336 2727 1405 2760 est.
1458 2723 1575 2765 Quod

173 2779 401 2824 necessario,
430 2780 535 2830 quod
566 2779 694 2818 studio
724 2781 840 2830 pacis,
860 2781 967 2831 quod
999 2782 1058 2818 sui
1091 2782 1341 2820 conservandi
1370 2795 1487 2822 causa
1516 2784 1573 2831 fit,

173 2845 278 2879 recte
295 2840 352 2878 fit.
407 2840 592 2892 Alioquin
612 2853 724 2880 omne
745 2841 928 2879 damnum
944 2842 1090 2880 homini
1108 2842 1256 2882 illatum
1275 2843 1370 2894 legis
1389 2845 1573 2884 naturalis

173 2901 330 2941 violatio
347 2906 464 2952 atque
482 2902 522 2940 in
543 2902 672 2941 Deum
691 2902 831 2953 injuria
849 2907 917 2940 est.

1356 2983 1425 3017 02
