2020 3262
220 434 222 437 ,
243 404 370 439 SEc'r.
386 404 456 439 111.

226 499 229 502 ῃ
331 455 382 487 13.

213 1744 334 1776 Civibus
344 1750 446 1777 contra

210 1837 312 1870 ruptos
327 1835 379 1871 jus

211 1877 399 1906 reddendum.

505 261 602 309 310
1037 274 1340 311 IMPERIUM.

502 382 801 447 praescripta,
825 383 911 432 sed
933 384 1192 433 arbitraria
1206 386 1266 433 ab
1289 385 1445 444 initio,
1470 384 1790 447 determinata
1811 395 1887 443 est

501 464 671 521 postea
710 475 799 522 per
834 460 1140 523 punitionem
1175 460 1321 525 primi
1358 460 1698 524 delinquentis,
1728 462 1886 529 (aeque

503 534 633 584 enim
650 535 1065 599 transgredientes
1080 536 1332 600 aequaliter
1348 536 1512 599 puniri
1530 537 1670 599 jubet
1683 538 1886 602 aequitas

500 609 775 673 naturalis),
811 611 880 659 ibi
914 627 1126 674 poenam,
1168 627 1314 675 quam
1349 627 1457 674 quae
1495 612 1604 675 lege
1640 612 1885 674 definitur,

501 686 736 749 majorem
759 687 969 750 exigere,
1005 694 1178 742 contra
1200 687 1360 750 legem
1382 693 1572 737 naturae
1595 695 1682 737 est.
1752 689 1884 749 Finis

501 762 631 811 enim
647 762 914 825 punitionis
930 769 1018 826 est,
1035 763 1338 811 voluntatem
1351 762 1560 811 hominis
1573 779 1674 812 non
1692 779 1883 828 cogere,

501 837 587 885 sed
605 837 831 898 formare,
852 845 903 886 et
919 838 1069 886 talem
1090 838 1266 897 facere,
1287 837 1481 901 qualem
1499 854 1607 888 eam
1625 854 1728 896 esse
1751 840 1885 904 cupit

498 912 540 965 is
564 912 648 976 qui
670 929 866 976 poenam
894 914 1079 962 statuit.
1121 914 1186 962 Et
1208 913 1494 967 deliberatio
1516 914 1639 962 nihil
1656 915 1788 972 aliud
1811 923 1886 971 est

499 987 594 1038 nisi
639 988 1007 1037 commodorum
1046 995 1096 1037 et
1130 989 1551 1039 incommodorum
1579 990 1712 1047 facti,
1753 991 1886 1055 quod

499 1063 826 1126 aggredimur,
867 1071 1102 1127 tanquam
1132 1065 1184 1112 in
1218 1065 1408 1113 bilance
1444 1065 1750 1129 ponderatio,
1800 1067 1885 1125 ubi

500 1139 632 1202 quod
670 1139 1027 1202 praeponderat,
1061 1140 1335 1189 necessario
1377 1140 1646 1192 secundum
1681 1141 1884 1200 inclina-

498 1215 683 1264 tionem
721 1232 858 1269 suam
892 1216 1130 1279 procedit.
1202 1216 1453 1280 Siquidem
1484 1232 1601 1280 ergo
1635 1217 1885 1281 legislator

496 1306 694 1353 poenam
725 1292 965 1344 minorem
1003 1292 1196 1344 crimini
1234 1292 1482 1356 appendit,
1508 1309 1654 1356 quam
1688 1301 1746 1351 ut
1778 1293 1884 1348 libi-

497 1366 600 1412 dini
643 1373 802 1414 metus
856 1368 1211 1430 praeponderet,
1255 1368 1469 1419 libidinis
1514 1384 1660 1432 supra
1698 1376 1884 1420 metum

494 1457 654 1503 poenae
677 1458 918 1499 excessus,
939 1459 1035 1506 quo
1050 1444 1236 1491 crimen
1259 1443 1594 1503 committitur,
1617 1444 1884 1508 legislatori

495 1517 837 1572 attribuendus
861 1525 952 1578 est,
976 1519 1070 1567 hoc
1100 1525 1189 1577 est,
1214 1534 1401 1571 summo
1424 1519 1715 1582 imperanti;
1748 1520 1882 1573 ideo-

496 1609 591 1656 que
622 1594 663 1647 si
698 1593 843 1657 punit
862 1594 1038 1657 majori
1060 1611 1206 1657 poena
1228 1611 1375 1658 quam
1403 1595 1507 1658 ipse
1541 1595 1730 1659 legibus
1758 1612 1882 1660 prae-

494 1668 668 1728 finivit,
690 1669 834 1732 punit
855 1669 907 1723 in
930 1669 1025 1723 alio
1051 1669 1183 1733 quod
1204 1670 1426 1734 peccavit
1441 1670 1560 1734 ipse.

567 1746 643 1799 17.
678 1744 842 1800 Etiam
871 1745 935 1801 ad
970 1745 1221 1800 innoxiam
1252 1752 1302 1798 et
1338 1746 1661 1798 necessariam
1697 1746 1882 1796 civibus

493 1819 780 1868 libertatem
813 1819 1042 1883 pertinet,
1073 1827 1130 1871 ut
1153 1837 1262 1883 quae
1290 1822 1403 1884 jura
1424 1821 1614 1884 legibus
1638 1821 1729 1881 sihi
1753 1823 1897 1893 quis--

493 1911 588 1958 que
603 1910 833 1951 concessa
845 1896 1009 1956 habet,
1027 1896 1087 1948 iis
1106 1897 1208 1947 sine
1222 1903 1357 1947 metu
1369 1896 1466 1952 frui
1479 1897 1647 1960 possit
1682 1898 1883 1957 Frustra

493 1972 625 2024 enim
648 1978 724 2023 est
747 1988 884 2026 suum
907 1972 969 2019 ab
994 1971 1159 2028 alieno
1181 1972 1370 2035 legibus
1406 1972 1657 2036 distingui,
1681 1972 1738 2029 si
1757 1973 1879 2033 falso

485 2047 688 2109 judici0,
718 2046 993 2106 latrocinio,
1024 2047 1101 2100 vel
1137 2047 1268 2103 furto
1305 2063 1471 2106 rursus
1502 2048 1877 2107 confundantur.

492 2121 747 2184 Contingit
782 2129 948 2177 autem
979 2122 1101 2178 falsa
1131 2123 1332 2186 J'udicia,
1364 2123 1638 2183 latrocinia,
1662 2130 1711 2183 et
1748 2124 1880 2183 furta

490 2198 612 2257 fieri,
644 2198 731 2252 ubi
761 2198 952 2261 judices
975 2214 1222 2262 corrumpi
1257 2206 1475 2263 possunt.
1543 2200 1709 2258 Metus
1731 2199 1876 2260 enim,

490 2289 586 2336 quo
620 2273 842 2327 homines
876 2290 907 2329 a
939 2274 1066 2321 male
1087 2274 1310 2329 faciendo
1347 2274 1668 2335 deterrentur,
1692 2290 1792 2333 non
1814 2276 1876 2330 ab

489 2365 548 2397 eo
571 2350 728 2409 oritur
751 2349 884 2413 quod
903 2365 1063 2413 poenae
1086 2357 1383 2409 statuuntur,
1408 2350 1494 2399 sed
1508 2349 1645 2414 *quod
1673 2350 1877 2414 exigun-
1954 2394 1957 2397 ⁴

489 2432 586 2477 tur.
655 2426 894 2480 Futurum
917 2425 1047 2473 enim
1070 2441 1130 2477 ex
1151 2426 1403 2489 praeterito
1425 2426 1734 2485 aestimamus,
1768 2442 1876 2489 quae

487 2516 600 2549 rar-o
613 2501 722 2550 fieri
729 2501 903 2560 solent,
921 2516 1034 2555 raro
1050 2507 1405 2564 exspectantes..
1441 2501 1493 2559 Si
1506 2500 1657 2564 igitur
1667 2500 1872 2564 judices,

486 2577 785 2636 muneribus,
810 2576 984 2639 gratia,
1002 2576 1080 2624 vel
1098 2576 1246 2625 etiam
1267 2575 1614 2636 misericordia,
1638 2578 1872 2640 corrupti,

485 2667 654 2714 poenas
677 2652 786 2715 lege
810 2651 999 2699 debitas
1024 2667 1151 2715 saepe
1186 2651 1452 2711 remittant,
1476 2658 1623 2714 atque
1646 2667 1703 2699 eo
1726 2652 1872 2702 modo

485 2726 718 2790 improbis
743 2743 879 2790 spem
912 2726 1096 2778 faciant
1131 2727 1450 2791 impunitatiS,
1473 2726 1614 2780 bonis
1637 2727 1821 2776 civibus
1844 2745 1874 2777 a

487 2802 688 2863 sicariiS,
711 2802 999 2862 latronibuS‚
1013 2803 1459 2865 veteratoribusque
1477 2802 1698 2862 obsessis,
1714 2819 1870 2867 neque
