2020 3262
281 275 354 310 nn
379 275 521 311 JURE
548 275 702 321 EJUS,
728 274 824 310 cm
851 274 1101 310 SUMMUM
1131 267 1437 310 IMPERIUM.
1492 262 1589 315 217

76 371 127 426 ,⁴³
189 384 483 434 multitudo·
507 386 627 450 quid
659 387 754 442 sit;
805 385 1038 434 nimirum
1062 385 1195 450 quod
1217 401 1316 433 non
1351 385 1415 433 sit
1452 403 1595 434 unum
1634 408 1762 441 δεον,
1783 408 1853 440 111.

33 514 39 527 ,
98 458 118 474 ²
189 460 391 524 aliquid,
425 461 513 510 sed
544 462 709 526 plures
750 461 988 519 homines,
1022 476 1232 524 quorum
1254 461 1591 524 unusqu²sque
1728 459 1758 490 ⁶·
1832 505 1838 514 ‚

191 551 332 585 suam
367 537 520 586 habet
548 537 640 586 sibi
661 537 980 595 voluntatem,
1006 543 1056 584 et
1092 551 1236 584 suum
1268 536 1401 585 circa
1425 554 1541 585 omn
1563 536 1860 585 a³¹¹³⁰¹³q¹¹⁰d³¹³

1611 590 1667 618 que
1679 581 1754 608 aetio
1769 579 1877 617 aliqua,

78 597 129 658 ἦν
187 613 513 677 proponenda
530 613 786 677 judicium.
843 612 909 660 Et
932 611 1172 676 siquidem
1194 627 1284 675 per
1308 619 1591 661 contractus
1608 622 1880 696 jgfflmcffijffi

188 689 510 753 particulares
534 689 712 753 singuli
735 705 878 737 suum
913 688 1006 736 sibi
1035 687 1251 736 habeant
1284 689 1365 752 jus
1394 695 1444 736 et
1477 704 1592 752 pro-
1610 713 1690 738 runt.

81 910 99 915 ¹
242 868 268 892 '⁵
284 864 514 912 Multitudo,
534 866 625 916 eta]
656 866 846 905 Doctrina
864 866 912 904 de
931 866 1095 904 civitatis
1115 866 1153 903 in
1169 866 1272 904 cives
1290 870 1490 916 potestate,
1510 869 1594 903 tota

90 923 117 970 sssj.
189 926 271 966 fere
288 926 480 977 dependet
493 939 517 965 a
535 928 755 977 cognitione
774 927 1010 972 differentiae,
1022 940 1110 978 quae
1125 933 1182 965 est
1193 928 1294 965 inter
1307 927 1593 965 multitudinem

23 1015 27 1020 Δ
127 997 130 999 “
188 988 387 1027 hominum
406 1001 494 1039 quae
512 990 622 1039 regit,
642 994 682 1027 et
700 1001 785 1026 eam
818 1001 906 1039 quae
930 989 1088 1040 regitur.
1144 988 1203 1027 Ea
1221 990 1322 1027 enim
1343 989 1507 1027 civitatis
1526 1001 1594 1026 na-

78 1041 86 1048 *
162 1044 165 1046 μ
189 1054 278 1089 tura
295 1055 364 1096 est,
382 1055 428 1088 ut
445 1050 586 1088 civium
605 1050 812 1088 multitudo
832 1050 911 1088 sive
930 1055 1183 1100 aggregatum
1196 1063 1271 1088 non
1287 1050 1403 1088 modo
1419 1051 1595 1100 imperet,

90 1156 103 1163 .,
189 1111 258 1151 sed
275 1111 392 1150 etiam
410 1111 614 1162 imperanti
633 1111 884 1162 subjiciatur:
911 1111 978 1148 sed
997 1111 1072 1149 alio
1091 1117 1208 1161 atque
1226 1111 1301 1149 alio
1315 1124 1440 1149 sensu.
1468 1111 1596 1154 Quam

189 1173 446 1213 differentiam
463 1174 502 1210 in
521 1174 646 1224 primo
665 1173 739 1211 hoc
766 1173 928 1211 articulo
957 1173 1048 1211 satis
1066 1173 1296 1223 explicatam
1315 1186 1396 1211 esse
1425 1172 1597 1211 credide-

94 1239 101 1246 *
188 1227 286 1274 ram.
313 1234 460 1274 Ve'rum
470 1247 518 1273 ex
530 1235 739 1273 multorum
758 1240 892 1273 eontra
906 1247 952 1272 ea
970 1247 1058 1285 quae
1076 1240 1291 1285 sequuntur
1305 1235 1598 1287 objectionibus,

189 1297 301 1337 aliter
327 1309 410 1335 esse
445 1297 581 1335 sentio.
632 1297 771 1348 Itaque
804 1297 991 1335 uberioris
1028 1297 1293 1347 explicationis
1329 1310 1445 1335 causa
1475 1309 1601 1347 pauca

189 1357 274 1397 haec
291 1357 458 1409 adjicere
475 1358 599 1396 visum
618 1364 688 1396 est.

242 1418 469 1464 Multitudo,
502 1421 594 1471 quia
624 1433 700 1458 vox
727 1419 927 1458 collectiva
956 1425 1024 1466 est,
1044 1420 1261 1471 significare
1290 1421 1516 1474 intelligitur
1539 1433 1600 1458 res

189 1481 330 1533 plures,
349 1487 394 1520 ut
411 1482 610 1519 hominum
630 1482 836 1520 multitudo
855 1482 956 1519 idem
976 1482 1026 1519 sit
1044 1483 1150 1532 quod
1169 1482 1278 1520 multi
1298 1483 1484 1520 homines.
1512 1482 1600 1520 Vox

191 1543 338 1590 eadem,
357 1544 449 1594 quia
466 1544 614 1582 numeri
643 1549 701 1582 est
727 1543 941 1594 singularis,
971 1557 1088 1581 unam
1119 1557 1201 1582 rem
1234 1544 1438 1593 significat,
1462 1557 1600 1595 nempe

190 1618 309 1644 unam
345 1605 643 1644 multitudinem.
715 1606 772 1643 At
803 1611 941 1643 neutro
974 1606 1090 1643 modo
1129 1606 1356 1656 intelligitur
1392 1606 1599 1644 multitudo

191 1667 335 1706 habere
353 1680 470 1706 unam
489 1667 726 1705 voluntatem
744 1679 767 1704 a
791 1672 929 1705 natura
947 1667 1087 1713 datam,
1106 1667 1174 1705 sed
1192 1667 1289 1705 alius
1307 1668 1433 1706 aliam.
1461 1667 1599 1718 Neque

191 1741 286 1780 ergo
318 1729 563 1767 attribuenda
592 1729 647 1766 illi
675 1733 732 1766 est
760 1741 838 1766 una
871 1729 983 1774 actio,
1003 1741 1245 1779 quaecunque
1274 1741 1320 1767 ea
1348 1730 1408 1767 sit.
1461 1729 1599 1780 Itaque

191 1786 428 1842 promittere,
448 1791 603 1841 pacisci,
629 1791 694 1842 jus
723 1791 934 1841 acquirere,
958 1791 1023 1841 jus
1041 1790 1259 1836 transferre,
1278 1791 1419 1835 facere,
1444 1791 1599 1844 habere,

192 1852 400 1903 possidere,
420 1857 460 1891 et
477 1852 626 1898 similia,
645 1852 851 1889 multitudo
870 1864 946 1890 non
961 1857 1098 1902 potest,
1118 1853 1190 1890 nisi
1208 1853 1401 1903 sigillatim
1412 1853 1492 1891 sive
1510 1854 1599 1891 viri-

193 1915 276 1960 tim,
291 1919 336 1952 ut
352 1914 428 1952 sint
445 1914 642 1964 promissa,
662 1919 788 1963 pacta,
801 1913 901 1964 jura,
921 1915 1103 1956 actiones,
1118 1919 1176 1952 tot
1194 1920 1290 1964 quot
1307 1920 1397 1952 sunt
1414 1915 1600 1952 homines.

121 1974 126 1982 “
194 1974 442 2025 Quapropter
459 1974 665 2014 multitudo
683 1987 847 2024 persona
864 1974 1047 2012 naturalis
1062 1988 1137 2013 non
1159 1981 1228 2013 est.
1257 1975 1451 2014 caeterum
1464 1976 1599 2014 eadem

92 2074 113 2091 ⁷.
194 2036 413 2081 multitudo,
430 2037 462 2074 si
483 2036 626 2074 viritim
656 2036 912 2085 paciscantur,
942 2035 1024 2073 fore
1055 2041 1098 2074 ut
1116 2037 1229 2074 unius
1257 2036 1417 2088 alicujus
1435 2038 1599 2075 hominis

193 2097 382 2144 voluntas,
402 2097 464 2136 vel
491 2097 645 2148 majoris
675 2097 794 2147 partis
813 2097 984 2147 ipsorum
1002 2097 1218 2136 voluntates
1236 2103 1501 2137 consentaneae
1529 2111 1600 2149 pro

98 2167 117 2215 Τἱ
195 2160 395 2198 voluntate
427 2159 600 2197 omnium
627 2159 851 2204 habeantur,
881 2164 974 2196 tunc
1003 2171 1167 2209 persona
1195 2172 1272 2197 una
1298 2160 1364 2198 fit:
1403 2160 1600 2199 voluntate

79 2223 86 2231 ⁴
121 2213 123 2215 μ
196 2222 300 2260 enim
310 2221 472 2272 praedita
483 2227 551 2267 est,
566 2221 730 2271 ideoque
749 2221 918 2258 actiones
933 2220 1060 2258 facere
1071 2227 1198 2271 potest
1210 2222 1456 2268 voluntarias,
1468 2212 1599 2273 quales

194 2289 287 2324 aunt
316 2283 518 2334 imperare,
549 2283 653 2333 leges
690 2282 867 2328 condere,
895 2282 960 2333 jus
996 2283 1195 2333 acquirere
1232 2289 1271 2321 et
1306 2283 1526 2328 transferre,
1561 2289 1601 2322 et

88 2389 90 2394 ‚
108 2387 115 2396 ἓ
197 2349 361 2391 coetem3
388 2350 429 2383 et
445 2345 611 2395 populus
629 2344 769 2394 saepius
788 2356 905 2394 quam
923 2344 1130 2382 multitudo
1144 2344 1296 2383 dicitur.
1349 2344 1601 2396 Distinguen-

197 2405 291 2446 dum
308 2407 439 2458 itaque
456 2407 512 2445 sic
530 2413 613 2453 est3
639 2418 709 2456 per
718 2406 905 2456 populum
919 2405 980 2444 vel
994 2404 1292 2451 multitudinem,
1307 2407 1458 2458 quoties
1476 2408 1600 2456 ipsam

87 2459 145 2517 ²322
197 2468 343 2520 aliquid
360 2467 468 2514 velle,
488 2469 688 2518 imperare,
708 2467 768 2504 vel
783 2466 910 2505 faeere
924 2467 1098 2513 dicimus,
1116 2468 1342 2519 intelligitur
1361 2463 1494 2506 civitas
1512 2481 1600 2519 quae

198 2529 372 2581 imperat,
392 2530 475 2568 vult
493 2535 532 2568 et
550 2530 631 2580 agit
648 2542 718 2579 per
735 2528 972 2567 voluntatem
1004 2530 1116 2566 unius
1146 2529 1324 2573 hominis,
1343 2530 1403 2568 vel
1433 2520 1513 2580 per*
1533 2543 1600 2568 vo-

197 2590 364 2631 luntates
380 2592 550 2643 plurium
580 2592 779 2629 hominum
799 2596 1097 2630 consentaneas:
1126 2591 1230 2642 quod
1258 2592 1331 2629 nisi
1349 2593 1388 2629 in
1408 2597 1600 2630 conventu

199 2653 284 2693 fleri
301 2654 445 2705 nequit.
501 2653 661 2696 Quoties
687 2658 816 2690 autem
834 2665 858 2690 a
876 2652 1119 2691 multitudine
1138 2653 1336 2690 hominum
1356 2654 1436 2691 sive
1461 2666 1602 2704 magna

165 2725 170 2730 '
199 2714 281 2755 nive
310 2727 430 2766 parva
445 2714 591 2766 aliquid
625 2715 708 2753 fieri
741 2714 881 2752 dicitur
905 2715 986 2752 sine
1014 2714 1210 2752 voluntate
1239 2715 1339 2752 illius
1357 2715 1522 2753 hominis
1540 2716 1600 2753 vel

201 2782 424 2822 conventus,
442 2777 482 2815 id
500 2777 647 2816 factum
665 2789 746 2814 esse
765 2789 789 2814 a
806 2776 949 2827 populo
968 2776 1135 2820 subdito,
1154 2776 1194 2814 id
1208 2782 1276 2822 est,
1298 2789 1323 2814 a
1339 2767 1469 2814 multis
1487 2777 1600 2815 simul

202 2837 350 2877 civibus
366 2838 634 2890 singularibus,
653 2851 779 2889 neque
798 2851 845 2877 ex
867 2851 945 2877 una
958 2838 1166 2884 voluntate,
1179 2839 1246 2876 sed
1265 2851 1313 2877 ex
1326 2839 1501 2889 pluribus
1511 2851 1599 2889 pro-

102 2900 111 2915 ‘
201 2899 332 2939 venire
342 2899 510 2952 plurium
524 2901 734 2947 hominum,
750 2901 816 2952 qui
828 2901 931 2939 cives
940 2906 1031 2940 sunt
1043 2907 1082 2939 et
1092 2901 1247 2948 subditi,
1263 2901 1395 2940 civitas
1407 2913 1482 2941 non
1497 2906 1600 2940 sunt.
