1982 3256
185 366 309 402 SECT.
326 370 375 404 11.

265 422 294 454 6.

139 2463 238 2500 Imago
252 2463 354 2500 objecti

137 2510 283 2543 utcunque
297 2507 380 2543 positi

136 2549 168 2577 in
181 2552 243 2577 tant
244 2558 353 2577 uuuuu
355 2559 380 2577 e-

138 2592 203 2620 dere
217 2601 234 2619 a
247 2592 362 2629 speculo

135 2644 194 2663 non
206 2638 307 2672 potest,
319 2639 351 2662 ut

134 2678 281 2714 perveniat
294 2679 330 2706 ad

134 2724 263 2751 centrum
276 2722 383 2750 retinae.

430 231 489 273 56
936 243 1006 278 DE
1033 243 1271 277 HOMINE.

428 360 662 415 punctum
684 354 801 402 illud
825 354 952 402 idem
971 361 1042 402 est
1066 354 1196 417 quod
1217 355 1268 402 in
1285 355 1468 403 visione
1488 355 1684 414 directa,
1699 355 1783 405 sed

425 428 553 476 ultra
575 430 832 492 speculum.

493 505 549 552 In
585 505 765 552 visione
788 521 874 568 per
901 505 1227 552 reflectionem
1262 522 1292 553 a
1327 506 1520 568 speculo
1553 506 1782 569 sphaerice

428 595 656 638 convexo,
681 587 913 643 punctum
947 579 1065 627 illud
1097 587 1169 628 est
1201 581 1251 628 in
1278 580 1621 644 perpendiculo
1641 581 1782 640 oculi,

427 655 608 702 distans
642 672 671 702 a
691 656 869 703 vertice
893 655 1072 718 speculi
1104 663 1336 718 quantum
1370 664 1444 703 est
1480 663 1650 718 quarta
1671 673 1782 720 pars

427 731 660 789 diametri.
730 731 882 778 Crura
904 739 1066 778 autem
1086 732 1186 793 ejus
1210 732 1530 779 terminantur
1545 731 1596 779 in
1618 748 1782 796 super-

423 807 531 854 ficie
579 807 758 870 speculi
802 807 864 855 ad
898 823 954 854 ea
997 814 1191 870 puncta,
1230 807 1281 854 in
1318 823 1425 870 quae
1469 806 1689 856 incidunt
1722 809 1782 856 ab

427 883 603 946 obJ’ecti
648 883 863 931 terminis
918 882 1026 931 duae
1070 891 1216 930 rectae
1264 882 1604 946 perpendiculo
1657 883 1784 932 oculi

420 959 673 1022 parallelae.

489 1035 545 1081 In
577 1034 758 1082 visione
794 1034 998 1098 denique
1038 1050 1125 1098 per
1161 1034 1489 1081 reflectionem
1522 1050 1552 1081 a
1588 1034 1781 1097 speculo

423 1110 653 1172 sphaerice
678 1125 901 1167 concavo,
925 1116 1158 1172 punctum
1180 1108 1299 1155 illud
1320 1109 1450 1156 varie
1469 1108 1677 1171 ponitur.
1732 1108 1783 1156 Si

422 1185 586 1232 oculus
623 1185 685 1232 sit
708 1185 834 1232 inter
866 1185 1093 1232 verticem
1118 1191 1165 1231 et
1202 1191 1421 1231 centrum
1444 1184 1638 1247 speculi,
1662 1184 1782 1231 inci-

423 1260 590 1307 dentes
609 1267 769 1308 autem
787 1260 909 1307 radii
926 1276 1025 1307 non
1044 1267 1208 1307 secent
1226 1259 1352 1307 oculi
1369 1259 1779 1323 perpendiculum,

419 1344 652 1398 punctum
671 1335 790 1383 illud
807 1335 898 1382 erit
920 1335 1048 1382 idem
1066 1335 1197 1398 quod
1219 1335 1269 1381 in
1286 1334 1467 1382 visione
1489 1350 1577 1397 per
1593 1335 1781 1382 reflect-

419 1411 578 1457 ionem
598 1427 626 1456 a
645 1411 836 1473 speculo
857 1426 1068 1458 convexo
1097 1409 1205 1470 (art.
1232 1416 1271 1468 l,
1288 1418 1334 1468 2,
1359 1412 1422 1470 4),
1447 1409 1533 1457 sed
1554 1409 1661 1457 loca
1682 1417 1780 1457 ter-

418 1485 658 1532 minorum
677 1485 851 1547 objecti
870 1492 1011 1532 erunt
1033 1484 1083 1531 in
1099 1484 1388 1532 sectionibus
1402 1484 1654 1532 visualium
1669 1500 1781 1532 cum

420 1562 564 1609 rectis
589 1577 695 1624 quae
714 1561 956 1608 ducuntur
973 1577 1002 1607 a
1023 1560 1215 1623 punctis
1239 1559 1434 1622 speculi,
1459 1559 1509 1607 in
1534 1576 1641 1623 quae
1663 1559 1781 1607 inci-

420 1637 541 1684 dunt
571 1644 716 1684 rectae
740 1653 769 1684 a
790 1644 971 1699 puncto
995 1635 1341 1683 evanescentiae
1357 1642 1659 1683 transeuntes
1692 1651 1780 1698 per

419 1712 648 1759 terminos
673 1712 846 1774 objecti
869 1711 1209 1774 perpendiculo
1245 1710 1370 1757 oculi
1403 1710 1657 1773 parallelae.
1728 1711 1779 1758 Si

421 1795 640 1835 centrum
675 1787 854 1851 speculi
879 1787 939 1834 sit
972 1787 1098 1834 inter
1120 1785 1351 1834 verticem
1374 1787 1475 1848 ejus
1500 1792 1550 1833 et
1572 1786 1779 1845 oculum,

418 1864 660 1926 objectum
685 1880 795 1910 vero
820 1863 945 1910 infra
966 1862 1143 1909 lineam
1158 1861 1500 1924 perpendiculo
1524 1861 1648 1909 oculi
1670 1878 1779 1925 per-

416 1939 774 2002 pendicularem
808 1939 857 1986 in
890 1938 1083 2001 speculo
1120 1938 1427 1986 terminatam
1449 1944 1513 1998 ..et
1551 1937 1778 1999 utrinque

420 2015 647 2062 reflexam
684 2015 745 2062 ad
780 2014 985 2070 oculum,
1008 2021 1241 2076 punctum
1270 2012 1389 2060 illud
1412 2012 1504 2060 erit
1538 2012 1640 2075 ipse
1674 2028 1779 2076 spe-

417 2090 511 2137 culi
532 2099 710 2137 vertex.
778 2090 883 2137 Art.
909 2091 954 2147 7,
980 2095 1025 2137 8.

485 2166 570 2213 Sin
612 2167 851 2227 objectum
885 2165 948 2212 sit
983 2181 1126 2227 supra
1155 2164 1285 2211 illam
1319 2164 1508 2221 lineam,
1542 2169 1775 2226 punctum

418 2241 538 2288 illud
576 2248 647 2289 est
677 2241 725 2288 in
763 2247 900 2304 parte
935 2240 1116 2303 speculi
1148 2239 1349 2297 diversa,
1374 2238 1437 2286 ad
1468 2237 1597 2301 quod
1630 2238 1776 2286 ducta

418 2323 552 2364 recta
575 2318 633 2364 ab
659 2317 797 2364 oculo
822 2315 1084 2363 reflectitur
1116 2330 1203 2378 per
1234 2314 1411 2362 lineam
1432 2313 1773 2376 perpendiculo

416 2392 541 2439 oculi
563 2392 853 2454 parallelam.
923 2391 1028 2438 Art.
1053 2396 1099 2437 9.

483 2473 527 2514 8.
564 2468 727 2530 Imago
763 2466 938 2529 objecti
971 2466 1073 2514 visa
1109 2465 1159 2513 in
1196 2464 1388 2528 speculo
1423 2479 1647 2521 concavo,
1683 2464 1773 2512 etsi

416 2542 538 2589 citra
565 2543 795 2590 verticem
829 2541 1009 2605 speculi
1043 2548 1269 2604 appareat
1301 2538 1443 2587 modo
1476 2538 1598 2601 plus,
1625 2539 1771 2587 modo

414 2616 585 2675 minus,
610 2633 855 2680 nunquam
877 2624 1039 2663 tamen
1073 2615 1134 2663 ad
1165 2615 1326 2662 locum
1359 2613 1500 2671 oculi,
1525 2612 1576 2660 id
1599 2620 1684 2672 est,
1709 2613 1772 2661 ad

415 2699 631 2739 centrum
656 2693 822 2740 retinae
845 2691 1008 2739 venire
1037 2698 1211 2754 potest,
1235 2689 1384 2736 multo
1408 2688 1580 2747 minus,
1603 2696 1659 2750 ut
1681 2704 1771 2751 pu-

413 2773 520 2814 tant
543 2768 797 2830 scriptores
821 2767 982 2830 optici,
999 2783 1027 2814 a
1045 2775 1182 2829 tergo
1202 2763 1460 2827 spectantis
1479 2778 1579 2810 esse
1594 2770 1768 2826 potest.

480 2842 553 2889 Sit
588 2842 714 2889 enim
748 2842 995 2905 speculum
1022 2842 1122 2904 (fig.
1148 2841 1198 2903 6)
1232 2840 1276 2888 A
1292 2839 1331 2887 B
1348 2839 1401 2897 C,
1426 2845 1646 2886 centrum
1668 2840 1770 2902 ejus
