2020 3262
436 240 531 283 284
983 252 1287 289 IMPERIUM.

525 607 586 639 DE
612 607 768 640 CAUSIS
794 608 1015 641 INTERNIS
1040 610 1298 642 CIVITATEM
1322 610 1727 644 DISSOLVENTIBUS.

439 678 473 712 l.
500 675 781 713 Judicationem
812 677 902 714 boni
934 681 972 714 et
1003 677 1091 714 mali
1128 676 1174 714 ad
1212 678 1379 728 singulos
1408 679 1610 727 pertinere,
1640 679 1819 718 seditiosa

487 736 628 785 opinio.
679 738 714 774 2.
744 736 908 774 Peeeare
928 737 1099 775 subditos
1127 739 1340 776 obediendo
1359 740 1595 789 principibus
1612 740 1701 786 suis,
1720 741 1819 779 sedi-

485 798 582 835 tiosa
595 798 735 846 opinio.
790 801 826 836 3.
856 798 1168 848 Tyrannicidium
1197 812 1277 837 esse
1295 800 1453 845 licitum,
1473 801 1654 839 seditiosa
1675 802 1819 851 opinio..

485 861 523 896 4.
551 858 752 909 Subjectos
770 871 849 896 esse
867 860 1014 909 legibus
1042 861 1216 898 civilibus
1244 862 1357 898 etiam
1383 874 1447 899 eos
1473 863 1539 911 qui
1557 862 1699 899 habent
1716 874 1816 900 sum-

485 932 590 956 mum
609 921 819 969 imperium,
838 921 1014 959 seditiosa
1025 923 1164 971 opinio.
1218 925 1254 961 5.
1281 923 1488 972 Imperium
1506 935 1695 960 summum
1706 935 1820 972 posse

485 981 614 1027 dividi,
629 981 806 1018 seditiosa
823 983 963 1030 opinio.
1016 985 1052 1021 6.
1082 983 1214 1020 Fidem
1233 988 1271 1020 et
1285 984 1522 1021 sanctitatem
1542 996 1616 1021 non
1635 983 1761 1021 studio
1778 989 1822 1021 et

485 1043 630 1080 ratione
648 1043 805 1092 acquiri,
824 1043 890 1079 sed
908 1056 1057 1092 semper
1069 1044 1403 1093 supernaturaliter
1413 1043 1562 1081 infundi
1574 1050 1613 1081 et
1630 1044 1819 1094 inspirari,

484 1103 662 1141 seditiosa
685 1104 827 1153 opinio.
886 1104 923 1144 7.
951 1103 1109 1142 Civibus
1126 1105 1282 1154 singulis
1306 1118 1386 1142 esse
1410 1117 1537 1142 rerum
1555 1118 1708 1142 suarum
1729 1118 1817 1155 pro·

484 1164 696 1212 prietatem,
731 1165 810 1201 sive
855 1164 1065 1202 dominium
1110 1165 1339 1208 absolutum,
1375 1166 1553 1203 seditiosa
1583 1166 1723 1215 opinio.
1777 1167 1816 1204 8.

486 1224 551 1261 Ad
578 1225 801 1262 seditionem
830 1225 1007 1275 disponit,
1040 1226 1184 1263 nescire
1216 1226 1466 1263 differentiam
1501 1227 1600 1263 inter
1632 1227 1814 1277 populum

486 1290 523 1322 et
554 1286 846 1323 multitudinem.
899 1289 936 1325 9.
966 1286 1028 1323 Ad
1066 1286 1289 1324 seditionem
1319 1287 1484 1336 disponit
1515 1288 1664 1325 exactio
1698 1289 1816 1326 nimia

485 1347 744 1394 pecuniarum,
783 1347 955 1396 quamvis
987 1346 1091 1397 justa
1135 1353 1173 1384 et
1215 1350 1434 1385 necessaria.
1511 1350 1571 1387 10.
1616 1349 1680 1386 Ad
1718 1349 1815 1387 sedi-

485 1407 627 1443 tionem
663 1407 830 1457 disponit
865 1408 1033 1445 ambitio.
1089 1411 1148 1446 11.
1177 1408 1242 1445 Ad
1279 1409 1502 1446 seditionem
1535 1409 1701 1458 disponit
1729 1423 1816 1460 spes

485 1480 692 1505 successus.
750 1471 810 1507 12.
838 1469 980 1513 Virtus,
1006 1481 1082 1518 qua
1101 1481 1196 1518 opus
1223 1475 1279 1507 est
1297 1470 1346 1507 ad
1364 1470 1566 1507 seditiones
1584 1471 1815 1516 excitandas,

484 1529 563 1566 sola
584 1530 801 1579 eloquentia
815 1536 870 1567 est
889 1530 968 1566 sine
987 1530 1183 1578 sapientia.
1227 1533 1287 1568 13.
1316 1531 1518 1572 Quomodo
1535 1531 1694 1569 stultitia
1712 1532 1816 1583 vulgi

485 1595 523 1627 et
550 1590 767 1640 eloquentia
793 1590 1089 1635 ambitiosorum,
1115 1597 1343 1628 concurrant
1366 1592 1414 1628 ad
1442 1592 1714 1641 rempublicam
1741 1593 1816 1631 dis·

483 1651 714 1689 solvendam.

174 1739 302 1772 SECT.
323 1740 390 1773 ΠΙ,
438 1716 480 1760 1.
518 1713 824 1761 HACTENUS
866 1713 1040 1775 quibus
1064 1713 1223 1760 causis
1249 1720 1298 1760 et
1321 1713 1496 1776 quibus
1523 1713 1678 1776 pactis
1702 1714 1816 1762 civi-

258 1792 307 1822 12.

432 1795 557 1836 tates
595 1789 874 1836 constitutae
914 1789 1026 1847 sint,
1051 1795 1100 1836 et
1124 1805 1230 1851 quae
1265 1789 1363 1836 sint
1398 1788 1741 1852 imperantium
1763 1789 1815 1836 in

170 1884 386 1912 Judicationem
432 1864 560 1911 cives
579 1865 705 1927 jura,
731 1864 916 1912 dictum
939 1871 1026 1911 est.
1094 1865 1123 1912 J
1126 1880 1204 1911 am
1240 1865 1412 1926 quibus
1445 1864 1600 1912 causis
1635 1863 1815 1911 eaedem

170 1927 239 1955 boni
252 1930 280 1955 et
293 1928 361 1955 mali
374 1928 414 1957 ad

168 1970 298 2007 singulos
324 1972 409 2008 perti-

434 1939 772 1998 dissolvantur,
798 1940 897 1987 sive
922 1940 982 1987 de
1001 1939 1158 1987 caiuss
1182 1939 1488 1999 seditionum,
1506 1938 1718 1987 breviter
1739 1938 1814 1986 ‘di-

169 2022 246 2046 nem’
273 2015 406 2043 seditiffifl
433 2015 641 2062 cendum
664 2022 751 2062 est.
823 2015 1249 2064 Quemadmodum
1273 2023 1437 2063 autem
1471 2015 1522 2062 in
1546 2022 1685 2062 motu
1709 2030 1815 2063 cor-

123 2087 126 2089 ,
169 2056 275 2093 opinio.

430 2106 605 2152 porum
628 2090 922 2137 naturalium
940 2090 1292 2138 consideranda
1307 2090 1402 2137 tria
1422 2097 1550 2149 sunt,
1569 2089 1812 2150 nimirum,

431 2165 698 2230 dispositio
724 2166 937 2224 interna,
962 2173 1016 2213 ut
1039 2166 1137 2213 sint
1173 2165 1475 2229 producendi
1511 2171 1670 2213 motus
1710 2180 1814 2212 sus—

431 2241 703 2303 ceptibilia;
741 2257 899 2305 agens
937 2247 1206 2299 eoeternum,
1246 2256 1342 2303 quo
1381 2248 1541 2288 motus
1565 2247 1726 2287 certus
1764 2247 1812 2287 et

429 2315 777 2363 determinatus
801 2323 915 2363 actu
937 2316 1267 2379 producatur,
1304 2323 1354 2363 et
1393 2315 1508 2379 ipsa
1544 2314 1676 2362 aetio
1692 2333 1709 2361 .·
1744 2314 1818 2361 ita

428 2391 576 2438 etiam
597 2392 649 2438 in
673 2391 885 2450 civitate,
898 2388 994 2438 ‘ubi
1017 2392 1145 2439 cives
1180 2391 1555 2446 tumultuantur,
1578 2389 1674 2437 tria
1697 2405 1813 2437 con-

427 2466 684 2514 sideranda
707 2473 984 2524 occurrunt,
1008 2467 1233 2529 primum,
1260 2465 1500 2513 doetrinae
1530 2470 1579 2511 et
1602 2464 1818 2526 affectus

425 2542 536 2604 paci
571 2541 817 2600 contrarii,
843 2542 1017 2604 quibus
1043 2541 1343 2604 singulorum
1375 2538 1523 2586 animi
1546 2538 1812 2601 disponun-

427 2624 539 2672 tur3
577 2617 859 2676 secundum,
885 2617 1056 2680 quales
1080 2623 1194 2664 sunt
1228 2615 1311 2678 qui
1342 2615 1443 2677 jam
1467 2614 1726 2682 dispositos
1749 2614 1815 2662 ad

427 2692 746 2740 secessionem
784 2699 833 2739 et
870 2707 1005 2739 arma
1050 2690 1326 2748 sollicitant,
1374 2696 1659 2748 convocant,
1695 2689 1813 2736 diri-

426 2774 665 2830 guntque3
691 2767 905 2820 tertium,
924 2766 1098 2814 modus
1114 2782 1210 2829 quo
1229 2765 1279 2812 id
1301 2765 1372 2822 fit,
1391 2764 1488 2811 sive
1507 2764 1612 2826 ipsa
1615 2763 1811 2827 factio.

427 2842 771 2890 Doctrinarum
795 2849 973 2901 autem,
1001 2859 1107 2905 quae
1126 2841 1187 2889 ad
1213 2840 1500 2889 seditionem
1527 2839 1811 2902 disponunt,
