2020 3262
456 247 546 291 198
962 263 1242 298 LmERTAs.

189 389 317 422 sac-r,
338 390 407 422 111,
447 375 566 416 runt
587 384 618 416 a
634 369 813 417 morali
833 370 947 435 lege
969 372 1191 431 alienam,
1207 380 1256 420 et
1280 373 1371 421 sibi
1387 389 1488 421 non
1503 380 1822 424 constantem.

174 484 176 487 .
283 441 313 471 3·
448 443 720 492 Voluerunt
744 446 872 493 enim
895 454 1119 496 naturam
1147 449 1380 496 virtutum
1402 449 1454 495 in
1477 448 1824 498 mediocritate

450 519 659 583 quadam
681 520 810 568 inter
834 522 930 570 duo
946 530 1169 571 extrema
1194 524 1337 571 sitam
1356 539 1474 581 esse,
1494 524 1613 572 vitia
1634 540 1749 572 vero
1771 525 1824 573 in

448 594 565 658 ipsis
589 597 1015 645 extremitatibus:
1040 600 1173 661 quod
1197 607 1269 646 est
1287 606 1454 661 aperte
1467 599 1657 648 falsum.
1695 600 1824 648 Nam

448 670 627 718 audere
643 671 883 731 laudatur,
908 679 957 720 et
974 674 1168 721 nomine
1173 674 1510 738 fortitudinis
1532 691 1621 738 pro
1643 675 1826 723 virtute

446 745 670 805 habetur,
696 763 988 810 quamquam
1012 757 1284 796 extremum
1316 749 1394 807 sit,
1419 749 1459 796 si
1483 765 1628 796 causa
1649 766 1825 813 appro-

445 821 606 869 batur.
675 822 935 870 Quantitas
969 824 1086 871 item
1122 824 1208 879 rei,
1233 840 1341 886 quae
1373 823 1502 872 dono
1539 824 1698 884 datur,
1723 825 1825 873 sive

444 912 637 960 magna,
658 897 757 944 sive
779 914 945 960 parva,
970 899 1069 946 sive
1092 898 1252 946 media
1275 899 1353 957 sit,
1377 915 1477 946 non
1499 899 1616 947 facit
1638 899 1824 947 libera-

445 971 659 1031 litatem,
684 973 771 1020 sed
794 973 1009 1021 donandi
1028 990 1186 1022 causa.
1214 1019 1223 1023 ,
1257 974 1429 1034 Neque
1453 975 1706 1037 injustitia
1730 981 1820 1033 est,

445 1048 484 1095 si
504 1048 582 1095 cui
597 1048 657 1095 de
675 1064 782 1096 meo
797 1049 906 1112 plus
926 1049 1104 1097 dedero
1131 1066 1277 1112 quam
1297 1049 1514 1096 debitum
1539 1056 1628 1097 est.
1698 1049 1826 1098 Sunt

442 1122 593 1185 igitur
615 1123 746 1186 leges
769 1124 1015 1172 naturales
1040 1141 1229 1172 summa
1242 1124 1559 1187 philosophiae
1582 1123 1789 1171 moralis
1803 1143 1823 1172 .·

443 1199 579 1261 cujus
619 1205 863 1261 praecepta
896 1199 990 1246 hoc
1020 1199 1129 1247 loco
1164 1215 1222 1246 ea
1254 1205 1447 1247 tantum
1481 1199 1677 1258 tradidi,
1713 1215 1823 1262 quae

442 1273 689 1334 pertinent
712 1273 776 1321 ad
799 1276 1217 1322 conservationem
1241 1283 1473 1334 nostram,
1499 1281 1671 1322 contra
1692 1275 1821 1338 peri-

444 1348 552 1394 cula
576 1363 682 1410 quae
716 1364 746 1395 a
782 1348 1023 1396 discordia
1059 1349 1298 1396 oriuntur.
1368 1350 1493 1397 Sunt
1529 1357 1694 1397 autem
1727 1350 1824 1398 alia

441 1429 688 1485 praecepta
722 1429 911 1471 naturae
947 1424 1213 1483 rationalis,
1254 1441 1314 1472 ex
1351 1425 1526 1487 quibus
1564 1425 1672 1473 aliae
1710 1441 1821 1472 nas-

442 1504 620 1544 cuntur
643 1498 865 1545 virtutes.
935 1499 1064 1546 Nam
1088 1506 1138 1546 et
1166 1500 1499 1562 temperantia
1522 1506 1821 1563 praeceptum

440 1572 643 1619 rationis
678 1578 767 1631 est,
807 1572 922 1635 quia
952 1573 1327 1636 intemperantia
1348 1574 1506 1622 tendit
1530 1575 1594 1622 ad
1625 1576 1822 1623 morbos

441 1653 491 1693 et
509 1646 775 1694 interitum.
811 1647 937 1694 Item
936 1647 1222 1710 fortitudo,
1239 1649 1335 1695 hoc
1354 1656 1441 1707 est,
1459 1649 1663 1697 facultas
1678 1651 1821 1699 valde

440 1722 698 1770 resistendi
732 1723 784 1769 in
813 1722 1039 1785 periculis
1061 1723 1394 1786 praesentibus,
1421 1740 1626 1788 quaeque
1649 1725 1820 1774 diffici-

438 1796 532 1844 lius
570 1797 877 1845 declinantur
909 1814 1053 1860 quam
1087 1807 1406 1861 superantur;
1460 1799 1573 1862 quia
1606 1800 1820 1849 medium

440 1879 512 1919 est
535 1873 599 1920 ad
623 1874 1043 1921 conservationem
1059 1873 1187 1921 illius
1212 1875 1294 1937 qui
1313 1874 1509 1923 resistit.

157 1965 373 1994 mamuralia
505 1952 584 1995 33.
623 1947 824 1996 Naturae
866 1956 1028 1996 autem
1075 1965 1194 2012 quas
1239 1966 1469 1998 vocamus
1514 1950 1670 2014 lege-5,
1707 1967 1820 1999 cum

155 2017 217 2036 ‘'⁰''
231 2010 401 2046 ‘³⁵‘P¹⁰P¹'³⁰
436 2022 558 2069 nihil
581 2022 714 2070 aliud
731 2023 827 2070 sint
851 2039 996 2085 quam
1028 2024 1360 2071 conclusiones
1385 2024 1608 2087 quaedam
1630 2025 1820 2072 ratione

155 2050 167 2078 1
205 2052 301 2080 nendo
334 2052 391 2087 lex,

155 2060 212 2122 ’Ξῖ
243 2098 387 2131 quatenus
437 2098 715 2156 intellectae,
760 2098 819 2144 de
855 2098 1055 2161 agendis
1089 2106 1138 2146 et
1175 2099 1487 2155 omittendis3
1539 2099 1617 2146 lex
1655 2106 1815 2147 autem

154 2137 420 2210 {3233}an
437 2173 634 2235 proprie
674 2180 821 2235 atque
859 2181 1087 2221 accurate
1119 2174 1378 2236 loquendo,
1413 2175 1476 2222 sit
1507 2175 1662 2222 oratio
1697 2176 1816 2238 ejuS,

440 2248 523 2310 qui
563 2248 758 2310 aliquid.
787 2248 893 2295 fieri
916 2249 992 2295 vel
1026 2265 1126 2296 non
1166 2249 1272 2296 fieri
1308 2249 1414 2297 aliis
1446 2250 1554 2312 jure
1577 2249 1815 2311 imperat:

438 2338 538 2370 non
575 2330 688 2370 sunt
722 2323 818 2370 illae
853 2324 1048 2386 proprie
1074 2325 1318 2387 loquendo
1342 2325 1488 2388 leges,
1526 2332 1763 2387 quatenus
1786 2341 1818 2372 a

438 2405 615 2445 natura
636 2398 922 2461 procedunt.
996 2399 1249 2447 Quatenus
1272 2407 1435 2447 tamen
1453 2399 1634 2447 eaedem
1657 2415 1687 2446 a
1709 2399 1815 2447 Deo

436 2472 488 2519 in
513 2473 778 2536 Scripturis
803 2474 952 2521 sacris
976 2474 1090 2522 latae
1125 2482 1253 2535 sunt,
1276 2483 1334 2522 ut
1364 2474 1634 2522 videbimus
1658 2475 1816 2538 capite

437 2555 683 2611 sequente,
724 2548 888 2611 legum
919 2550 1114 2596 nomine
1131 2550 1457 2613 propriissime
1491 2550 1812 2612 appellantur.

435 2623 523 2670 Est
555 2624 685 2670 enim
724 2623 977 2686 Scriptura
1013 2640 1150 2672 sacra
1179 2625 1230 2672 in
1265 2624 1426 2672 omnia
1459 2624 1670 2672 maximo
1702 2625 1814 2688 jure

436 2698 716 2762 imperantis
735 2698 826 2746 Dei
850 2699 1020 2747 oratio.
