<?xml version="1.0" encoding="UTF-8"?>
<!DOCTYPE html PUBLIC "-//W3C//DTD XHTML 1.0 Transitional//EN"
    "http://www.w3.org/TR/xhtml1/DTD/xhtml1-transitional.dtd">
<html xmlns="http://www.w3.org/1999/xhtml" xml:lang="en" lang="en">
 <head>
  <title>
</title>
<meta http-equiv="Content-Type" content="text/html;charset=utf-8" />
  <meta name='ocr-system' content='tesseract 3.04.00' />
  <meta name='ocr-capabilities' content='ocr_page ocr_carea ocr_par ocr_line ocrx_word'/>
</head>
<body>
  <div class='ocr_page' id='page_1' title='image "./operaphilosophic02hobbuoft_0166.png"; bbox 0 0 2020 3262; ppageno 0'>
   <div class='ocr_carea' id='block_1_1' title="bbox 339 249 1422 298">
    <p class='ocr_par' dir='ltr' id='par_1_1' title="bbox 339 249 1422 298">
     <span class='ocr_line' id='line_1_1' title="bbox 339 249 1422 298; baseline 0.005 -5"><span class='ocrx_word' id='word_1_1' title='bbox 339 249 428 293; x_wconf 88' lang='lat'>152</span> <span class='ocrx_word' id='word_1_2' title='bbox 728 263 1005 297; x_wconf 76' lang='lat' dir='ltr'>PRAEFATm</span> <span class='ocrx_word' id='word_1_3' title='bbox 1033 264 1103 297; x_wconf 86' lang='lat' dir='ltr'>AD</span> <span class='ocrx_word' id='word_1_4' title='bbox 1131 265 1422 298; x_wconf 83' lang='lat' dir='ltr'><strong>LECTORES.</strong></span> 
     </span>
    </p>
   </div>
   <div class='ocr_carea' id='block_1_2' title="bbox 330 395 1823 2753">
    <p class='ocr_par' dir='ltr' id='par_1_2' title="bbox 330 395 1820 1755">
     <span class='ocr_line' id='line_1_2' title="bbox 336 395 1815 459; baseline 0.004 -17"><span class='ocrx_word' id='word_1_5' title='bbox 336 396 418 459; x_wconf 91' lang='lat' dir='ltr'>qui</span> <span class='ocrx_word' id='word_1_6' title='bbox 440 395 742 459; x_wconf 85' lang='lat' dir='ltr'>magistratui</span> <span class='ocrx_word' id='word_1_7' title='bbox 761 398 889 446; x_wconf 90' lang='lat' dir='ltr'>civili</span> <span class='ocrx_word' id='word_1_8' title='bbox 906 399 1121 447; x_wconf 88' lang='lat' dir='ltr'>subditos</span> <span class='ocrx_word' id='word_1_9' title='bbox 1140 415 1241 447; x_wconf 90' lang='lat' dir='ltr'>sese</span> <span class='ocrx_word' id='word_1_10' title='bbox 1265 415 1366 447; x_wconf 90' lang='lat' dir='ltr'>esse</span> <span class='ocrx_word' id='word_1_11' title='bbox 1385 399 1572 458; x_wconf 91' lang='lat' dir='ltr'>nolunt,</span> <span class='ocrx_word' id='word_1_12' title='bbox 1593 414 1815 448; x_wconf 87' lang='lat' dir='ltr'>onerum-</span> 
     </span>
     <span class='ocr_line' id='line_1_3' title="bbox 336 496 1815 559; baseline 0.003 -18"><span class='ocrx_word' id='word_1_13' title='bbox 336 509 429 555; x_wconf 90' lang='lat' dir='ltr'>que</span> <span class='ocrx_word' id='word_1_14' title='bbox 451 496 748 559; x_wconf 89' lang='lat' dir='ltr'>publicorum</span> <span class='ocrx_word' id='word_1_15' title='bbox 773 498 1006 545; x_wconf 89' lang='lat' dir='ltr'>immunes</span> <span class='ocrx_word' id='word_1_16' title='bbox 1037 515 1136 546; x_wconf 88' lang='lat' dir='ltr'>esse</span> <span class='ocrx_word' id='word_1_17' title='bbox 1159 499 1341 557; x_wconf 87' lang='lat' dir='ltr'>volunt,</span> <span class='ocrx_word' id='word_1_18' title='bbox 1365 499 1415 545; x_wconf 93' lang='lat' dir='ltr'>in</span> <span class='ocrx_word' id='word_1_19' title='bbox 1439 498 1631 546; x_wconf 85' lang='lat' dir='ltr'>civitate</span> <span class='ocrx_word' id='word_1_20' title='bbox 1654 505 1815 546; x_wconf 88' lang='lat' dir='ltr'>tamen</span> 
     </span>
     <span class='ocr_line' id='line_1_4' title="bbox 335 598 1815 661; baseline 0.001 -18"><span class='ocrx_word' id='word_1_21' title='bbox 335 610 453 655; x_wconf 86' lang='lat' dir='ltr'>esse,</span> <span class='ocrx_word' id='word_1_22' title='bbox 477 604 620 659; x_wconf 91' lang='lat' dir='ltr'>atque</span> <span class='ocrx_word' id='word_1_23' title='bbox 657 598 717 644; x_wconf 92' lang='lat' dir='ltr'>ab</span> <span class='ocrx_word' id='word_1_24' title='bbox 742 613 798 644; x_wconf 86' lang='lat' dir='ltr'>ea</span> <span class='ocrx_word' id='word_1_25' title='bbox 830 599 1017 660; x_wconf 81' lang='lat' dir='ltr'>protegi</span> <span class='ocrx_word' id='word_1_26' title='bbox 1050 615 1079 645; x_wconf 92' lang='lat' dir='ltr'>a</span> <span class='ocrx_word' id='word_1_27' title='bbox 1095 599 1142 646; x_wconf 90' lang='lat' dir='ltr'>vi</span> <span class='ocrx_word' id='word_1_28' title='bbox 1166 606 1215 646; x_wconf 93' lang='lat' dir='ltr'>et</span> <span class='ocrx_word' id='word_1_29' title='bbox 1252 598 1437 661; x_wconf 86' lang='lat' dir='ltr'>injuriis</span> <span class='ocrx_word' id='word_1_30' title='bbox 1459 598 1721 661; x_wconf 87' lang='lat' dir='ltr'>postulant,</span> <span class='ocrx_word' id='word_1_31' title='bbox 1754 612 1815 644; x_wconf 90' lang='lat' dir='ltr'>ne</span> 
     </span>
     <span class='ocr_line' id='line_1_5' title="bbox 334 693 1815 760; baseline 0.001 -19"><span class='ocrx_word' id='word_1_32' title='bbox 334 693 440 742; x_wconf 92' lang='lat' dir='ltr'>illos</span> <span class='ocrx_word' id='word_1_33' title='bbox 470 696 612 755; x_wconf 89' lang='lat' dir='ltr'>cives,</span> <span class='ocrx_word' id='word_1_34' title='bbox 653 696 737 744; x_wconf 91' lang='lat' dir='ltr'>sed</span> <span class='ocrx_word' id='word_1_35' title='bbox 775 696 937 744; x_wconf 88' lang='lat' dir='ltr'>hostes</span> <span class='ocrx_word' id='word_1_36' title='bbox 974 697 1390 760; x_wconf 82' lang='lat' dir='ltr'>exploratoresque</span> <span class='ocrx_word' id='word_1_37' title='bbox 1427 713 1528 744; x_wconf 92' lang='lat' dir='ltr'>esse</span> <span class='ocrx_word' id='word_1_38' title='bbox 1566 695 1815 759; x_wconf 87' lang='lat' dir='ltr'>putaretis,</span> 
     </span>
     <span class='ocr_line' id='line_1_6' title="bbox 330 795 1817 859; baseline 0.001 -17"><span class='ocrx_word' id='word_1_39' title='bbox 330 796 490 858; x_wconf 64' lang='lat' dir='ltr'>&#39;neque</span> <span class='ocrx_word' id='word_1_40' title='bbox 508 796 683 853; x_wconf 90' lang='lat' dir='ltr'>omnia,</span> <span class='ocrx_word' id='word_1_41' title='bbox 703 812 809 858; x_wconf 88' lang='lat' dir='ltr'>quae</span> <span class='ocrx_word' id='word_1_42' title='bbox 830 796 900 842; x_wconf 90' lang='lat' dir='ltr'>illi</span> <span class='ocrx_word' id='word_1_43' title='bbox 921 812 1008 858; x_wconf 93' lang='lat' dir='ltr'>pro</span> <span class='ocrx_word' id='word_1_44' title='bbox 1031 797 1178 844; x_wconf 91' lang='lat' dir='ltr'>verbo</span> <span class='ocrx_word' id='word_1_45' title='bbox 1202 797 1292 844; x_wconf 93' lang='lat' dir='ltr'>Dei</span> <span class='ocrx_word' id='word_1_46' title='bbox 1314 797 1448 845; x_wconf 88' lang='lat' dir='ltr'>vobis</span> <span class='ocrx_word' id='word_1_47' title='bbox 1469 797 1545 844; x_wconf 90' lang='lat' dir='ltr'>vel</span> <span class='ocrx_word' id='word_1_48' title='bbox 1562 796 1719 859; x_wconf 89' lang='lat' dir='ltr'>palam</span> <span class='ocrx_word' id='word_1_49' title='bbox 1740 795 1817 843; x_wconf 89' lang='lat' dir='ltr'>vel</span> 
     </span>
     <span class='ocr_line' id='line_1_7' title="bbox 336 897 1814 961; baseline 0 -17"><span class='ocrx_word' id='word_1_50' title='bbox 336 903 520 945; x_wconf 90' lang='lat' dir='ltr'>secreto</span> <span class='ocrx_word' id='word_1_51' title='bbox 542 903 832 959; x_wconf 85' lang='lat' dir='ltr'>proponunt,</span> <span class='ocrx_word' id='word_1_52' title='bbox 853 904 1032 945; x_wconf 89' lang='lat' dir='ltr'>temere</span> <span class='ocrx_word' id='word_1_53' title='bbox 1050 898 1340 961; x_wconf 87' lang='lat' dir='ltr'>reciperetis.</span> <span class='ocrx_word' id='word_1_54' title='bbox 1391 897 1618 961; x_wconf 88' lang='lat' dir='ltr'>Apertius</span> <span class='ocrx_word' id='word_1_55' title='bbox 1642 897 1814 945; x_wconf 89' lang='lat' dir='ltr'>dicam.</span> 
     </span>
     <span class='ocr_line' id='line_1_8' title="bbox 337 996 1818 1060; baseline 0 -16"><span class='ocrx_word' id='word_1_56' title='bbox 337 997 389 1044; x_wconf 87' lang='lat' dir='ltr'>Si</span> <span class='ocrx_word' id='word_1_57' title='bbox 412 997 518 1060; x_wconf 90' lang='lat' dir='ltr'>quis</span> <span class='ocrx_word' id='word_1_58' title='bbox 549 997 873 1055; x_wconf 83' lang='lat' dir='ltr'>concionator,</span> <span class='ocrx_word' id='word_1_59' title='bbox 897 997 973 1044; x_wconf 90' lang='lat' dir='ltr'>vel</span> <span class='ocrx_word' id='word_1_60' title='bbox 1010 997 1266 1055; x_wconf 88' lang='lat' dir='ltr'>confessor,</span> <span class='ocrx_word' id='word_1_61' title='bbox 1290 998 1365 1044; x_wconf 87' lang='lat' dir='ltr'>vel</span> <span class='ocrx_word' id='word_1_62' title='bbox 1397 997 1605 1044; x_wconf 88' lang='lat' dir='ltr'>casuista</span> <span class='ocrx_word' id='word_1_63' title='bbox 1639 996 1818 1044; x_wconf 89' lang='lat' dir='ltr'>doctri-</span> 
     </span>
     <span class='ocr_line' id='line_1_9' title="bbox 335 1096 1820 1159; baseline -0.001 -14"><span class='ocrx_word' id='word_1_64' title='bbox 335 1113 448 1146; x_wconf 85' lang='lat' dir='ltr'>nam</span> <span class='ocrx_word' id='word_1_65' title='bbox 481 1097 622 1154; x_wconf 88' lang='lat' dir='ltr'>hanc,</span> <span class='ocrx_word' id='word_1_66' title='bbox 647 1112 884 1144; x_wconf 91' lang='lat' dir='ltr'>summum</span> <span class='ocrx_word' id='word_1_67' title='bbox 907 1097 1237 1159; x_wconf 81' lang='lat' dir='ltr'>imperantem,</span> <span class='ocrx_word' id='word_1_68' title='bbox 1262 1098 1358 1144; x_wconf 88' lang='lat' dir='ltr'>imo</span> <span class='ocrx_word' id='word_1_69' title='bbox 1383 1097 1643 1159; x_wconf 91' lang='lat' dir='ltr'>quemlibet</span> <span class='ocrx_word' id='word_1_70' title='bbox 1664 1096 1820 1144; x_wconf 85' lang='lat' dir='ltr'>homi-</span> 
     </span>
     <span class='ocr_line' id='line_1_10' title="bbox 334 1193 1819 1258; baseline 0.003 -19"><span class='ocrx_word' id='word_1_71' title='bbox 334 1208 460 1251; x_wconf 90' lang='lat' dir='ltr'>nem,</span> <span class='ocrx_word' id='word_1_72' title='bbox 478 1193 661 1256; x_wconf 84' lang='lat' dir='ltr'>injussu</span> <span class='ocrx_word' id='word_1_73' title='bbox 675 1196 849 1242; x_wconf 89' lang='lat' dir='ltr'>summi</span> <span class='ocrx_word' id='word_1_74' title='bbox 870 1196 1166 1258; x_wconf 85' lang='lat' dir='ltr'>imperantis,</span> <span class='ocrx_word' id='word_1_75' title='bbox 1186 1196 1293 1257; x_wconf 88' lang='lat' dir='ltr'>jure</span> <span class='ocrx_word' id='word_1_76' title='bbox 1312 1212 1341 1242; x_wconf 93' lang='lat' dir='ltr'>a</span> <span class='ocrx_word' id='word_1_77' title='bbox 1363 1196 1466 1243; x_wconf 88' lang='lat' dir='ltr'>cive</span> <span class='ocrx_word' id='word_1_78' title='bbox 1488 1196 1709 1254; x_wconf 90' lang='lat' dir='ltr'>interfici,</span> <span class='ocrx_word' id='word_1_79' title='bbox 1734 1203 1819 1244; x_wconf 88' lang='lat' dir='ltr'>aut</span> 
     </span>
     <span class='ocr_line' id='line_1_11' title="bbox 334 1292 1819 1357; baseline 0.002 -18"><span class='ocrx_word' id='word_1_80' title='bbox 334 1292 658 1351; x_wconf 87' lang='lat' dir='ltr'>rebellionem,</span> <span class='ocrx_word' id='word_1_81' title='bbox 691 1296 1086 1357; x_wconf 89' lang='lat' dir='ltr'>conjurationem,</span> <span class='ocrx_word' id='word_1_82' title='bbox 1110 1294 1326 1342; x_wconf 86' lang='lat' dir='ltr'>foedusve</span> <span class='ocrx_word' id='word_1_83' title='bbox 1364 1294 1612 1356; x_wconf 88' lang='lat' dir='ltr'>quodlibet</span> <span class='ocrx_word' id='word_1_84' title='bbox 1642 1295 1819 1343; x_wconf 86' lang='lat' dir='ltr'>civium</span> 
     </span>
     <span class='ocr_line' id='line_1_12' title="bbox 336 1393 1820 1456; baseline 0.004 -19"><span class='ocrx_word' id='word_1_85' title='bbox 336 1397 506 1439; x_wconf 91' lang='lat' dir='ltr'>contra</span> <span class='ocrx_word' id='word_1_86' title='bbox 538 1393 782 1440; x_wconf 88' lang='lat' dir='ltr'>civitatem</span> <span class='ocrx_word' id='word_1_87' title='bbox 807 1395 914 1456; x_wconf 89' lang='lat' dir='ltr'>jure</span> <span class='ocrx_word' id='word_1_88' title='bbox 948 1394 1059 1441; x_wconf 91' lang='lat' dir='ltr'>iniri</span> <span class='ocrx_word' id='word_1_89' title='bbox 1094 1408 1248 1456; x_wconf 86' lang='lat' dir='ltr'>posse,</span> <span class='ocrx_word' id='word_1_90' title='bbox 1272 1394 1417 1440; x_wconf 89' lang='lat' dir='ltr'>verbo</span> <span class='ocrx_word' id='word_1_91' title='bbox 1441 1394 1531 1441; x_wconf 88' lang='lat' dir='ltr'>Dei</span> <span class='ocrx_word' id='word_1_92' title='bbox 1570 1403 1820 1443; x_wconf 88' lang='lat' dir='ltr'>consenta-</span> 
     </span>
     <span class='ocr_line' id='line_1_13' title="bbox 335 1493 1819 1558; baseline 0.003 -21"><span class='ocrx_word' id='word_1_93' title='bbox 335 1506 479 1538; x_wconf 90' lang='lat' dir='ltr'>neum</span> <span class='ocrx_word' id='word_1_94' title='bbox 502 1508 605 1540; x_wconf 89' lang='lat' dir='ltr'>esse</span> <span class='ocrx_word' id='word_1_95' title='bbox 628 1493 818 1552; x_wconf 87' lang='lat' dir='ltr'>dixerit,</span> <span class='ocrx_word' id='word_1_96' title='bbox 836 1494 904 1540; x_wconf 90' lang='lat' dir='ltr'>illi</span> <span class='ocrx_word' id='word_1_97' title='bbox 921 1509 982 1541; x_wconf 91' lang='lat' dir='ltr'>ne</span> <span class='ocrx_word' id='word_1_98' title='bbox 1006 1493 1280 1551; x_wconf 90' lang='lat' dir='ltr'>crederetis,</span> <span class='ocrx_word' id='word_1_99' title='bbox 1305 1494 1389 1540; x_wconf 91' lang='lat' dir='ltr'>sed</span> <span class='ocrx_word' id='word_1_100' title='bbox 1411 1510 1588 1542; x_wconf 91' lang='lat' dir='ltr'>nomen</span> <span class='ocrx_word' id='word_1_101' title='bbox 1612 1495 1713 1558; x_wconf 90' lang='lat' dir='ltr'>ejus</span> <span class='ocrx_word' id='word_1_102' title='bbox 1737 1495 1819 1542; x_wconf 92' lang='lat' dir='ltr'>de-</span> 
     </span>
     <span class='ocr_line' id='line_1_14' title="bbox 335 1591 1819 1656; baseline 0.003 -19"><span class='ocrx_word' id='word_1_103' title='bbox 335 1591 643 1639; x_wconf 88' lang='lat' dir='ltr'>nunciaretis.</span> <span class='ocrx_word' id='word_1_104' title='bbox 713 1593 834 1641; x_wconf 89' lang='lat' dir='ltr'>Haec</span> <span class='ocrx_word' id='word_1_105' title='bbox 859 1593 940 1656; x_wconf 89' lang='lat' dir='ltr'>qui</span> <span class='ocrx_word' id='word_1_106' title='bbox 963 1593 1150 1656; x_wconf 87' lang='lat' dir='ltr'>probat,</span> <span class='ocrx_word' id='word_1_107' title='bbox 1175 1593 1215 1639; x_wconf 92' lang='lat' dir='ltr'>is</span> <span class='ocrx_word' id='word_1_108' title='bbox 1238 1608 1399 1639; x_wconf 91' lang='lat' dir='ltr'>meum</span> <span class='ocrx_word' id='word_1_109' title='bbox 1417 1609 1606 1656; x_wconf 90' lang='lat' dir='ltr'>quoque</span> <span class='ocrx_word' id='word_1_110' title='bbox 1628 1594 1679 1642; x_wconf 93' lang='lat' dir='ltr'>in</span> <span class='ocrx_word' id='word_1_111' title='bbox 1702 1595 1819 1642; x_wconf 87' lang='lat' dir='ltr'>scri-</span> 
     </span>
     <span class='ocr_line' id='line_1_15' title="bbox 335 1689 1449 1755; baseline 0.002 -18"><span class='ocrx_word' id='word_1_112' title='bbox 335 1689 492 1738; x_wconf 91' lang='lat' dir='ltr'>bendo</span> <span class='ocrx_word' id='word_1_113' title='bbox 517 1692 769 1739; x_wconf 91' lang='lat' dir='ltr'>consilium</span> <span class='ocrx_word' id='word_1_114' title='bbox 787 1693 992 1755; x_wconf 91' lang='lat' dir='ltr'>probum</span> <span class='ocrx_word' id='word_1_115' title='bbox 1016 1708 1117 1739; x_wconf 92' lang='lat' dir='ltr'>esse</span> <span class='ocrx_word' id='word_1_116' title='bbox 1142 1692 1449 1739; x_wconf 83' lang='lat' dir='ltr'>existimabit.</span> 
     </span>
    </p>

    <p class='ocr_par' dir='ltr' id='par_1_3' title="bbox 335 1792 1823 2753">
     <span class='ocr_line' id='line_1_16' title="bbox 400 1792 1823 1856; baseline 0.003 -17"><span class='ocrx_word' id='word_1_117' title='bbox 400 1792 661 1851; x_wconf 89' lang='lat' dir='ltr'>Postremo,</span> <span class='ocrx_word' id='word_1_118' title='bbox 680 1809 766 1856; x_wconf 91' lang='lat' dir='ltr'>per</span> <span class='ocrx_word' id='word_1_119' title='bbox 788 1799 943 1841; x_wconf 90' lang='lat' dir='ltr'>totam</span> <span class='ocrx_word' id='word_1_120' title='bbox 966 1793 1233 1840; x_wconf 89' lang='lat' dir='ltr'>orationem</span> <span class='ocrx_word' id='word_1_121' title='bbox 1268 1808 1425 1840; x_wconf 88' lang='lat' dir='ltr'>meam</span> <span class='ocrx_word' id='word_1_122' title='bbox 1456 1793 1654 1841; x_wconf 90' lang='lat' dir='ltr'>modum</span> <span class='ocrx_word' id='word_1_123' title='bbox 1676 1794 1823 1843; x_wconf 84' lang='lat' dir='ltr'>talem</span> 
     </span>
     <span class='ocr_line' id='line_1_17' title="bbox 336 1892 1822 1956; baseline 0.003 -18"><span class='ocrx_word' id='word_1_124' title='bbox 336 1892 713 1939; x_wconf 88' lang='lat' dir='ltr'>conservandum</span> <span class='ocrx_word' id='word_1_125' title='bbox 750 1892 868 1939; x_wconf 90' lang='lat' dir='ltr'>mihi</span> <span class='ocrx_word' id='word_1_126' title='bbox 891 1892 1134 1955; x_wconf 89' lang='lat' dir='ltr'>proposui,</span> <span class='ocrx_word' id='word_1_127' title='bbox 1158 1892 1315 1954; x_wconf 90' lang='lat' dir='ltr'>primo</span> <span class='ocrx_word' id='word_1_128' title='bbox 1338 1908 1399 1940; x_wconf 93' lang='lat' dir='ltr'>ne</span> <span class='ocrx_word' id='word_1_129' title='bbox 1424 1892 1483 1940; x_wconf 92' lang='lat' dir='ltr'>de</span> <span class='ocrx_word' id='word_1_130' title='bbox 1501 1892 1693 1956; x_wconf 88' lang='lat' dir='ltr'>justitia</span> <span class='ocrx_word' id='word_1_131' title='bbox 1726 1894 1822 1941; x_wconf 90' lang='lat' dir='ltr'>sin-</span> 
     </span>
     <span class='ocr_line' id='line_1_18' title="bbox 335 1991 1821 2056; baseline 0.002 -18"><span class='ocrx_word' id='word_1_132' title='bbox 335 1991 574 2054; x_wconf 78' lang='lat' dir='ltr'>gularium</span> <span class='ocrx_word' id='word_1_133' title='bbox 598 1992 841 2039; x_wconf 88' lang='lat' dir='ltr'>actionum</span> <span class='ocrx_word' id='word_1_134' title='bbox 864 1992 1122 2055; x_wconf 87' lang='lat' dir='ltr'>quicquam</span> <span class='ocrx_word' id='word_1_135' title='bbox 1138 1991 1522 2051; x_wconf 87' lang='lat' dir='ltr'>determinarem,</span> <span class='ocrx_word' id='word_1_136' title='bbox 1539 1993 1623 2040; x_wconf 91' lang='lat' dir='ltr'>sed</span> <span class='ocrx_word' id='word_1_137' title='bbox 1636 1993 1821 2056; x_wconf 83' lang='lat' dir='ltr'>legibus</span> 
     </span>
     <span class='ocr_line' id='line_1_19' title="bbox 338 2077 1820 2156; baseline 0.001 -18"><span class='ocrx_word' id='word_1_138' title='bbox 338 2091 752 2139; x_wconf 90' lang='lat' dir='ltr'>determinandum</span> <span class='ocrx_word' id='word_1_139' title='bbox 774 2092 1108 2154; x_wconf 86' lang='lat' dir='ltr'>relinquerem.</span> <span class='ocrx_word' id='word_1_140' title='bbox 1147 2077 1347 2150; x_wconf 81' lang='lat' dir='ltr'>Deinde,</span> <span class='ocrx_word' id='word_1_141' title='bbox 1370 2108 1432 2140; x_wconf 90' lang='lat' dir='ltr'>ne</span> <span class='ocrx_word' id='word_1_142' title='bbox 1456 2093 1710 2156; x_wconf 90' lang='lat' dir='ltr'>quicquam</span> <span class='ocrx_word' id='word_1_143' title='bbox 1726 2092 1820 2140; x_wconf 85' lang='lat' dir='ltr'>dis-</span> 
     </span>
     <span class='ocr_line' id='line_1_20' title="bbox 338 2190 1819 2254; baseline 0.001 -17"><span class='ocrx_word' id='word_1_144' title='bbox 338 2206 543 2238; x_wconf 88' lang='lat' dir='ltr'>sererem</span> <span class='ocrx_word' id='word_1_145' title='bbox 563 2190 622 2237; x_wconf 91' lang='lat' dir='ltr'>de</span> <span class='ocrx_word' id='word_1_146' title='bbox 642 2192 966 2254; x_wconf 89' lang='lat' dir='ltr'>cujuscunque</span> <span class='ocrx_word' id='word_1_147' title='bbox 982 2191 1188 2239; x_wconf 85' lang='lat' dir='ltr'>civitatis</span> <span class='ocrx_word' id='word_1_148' title='bbox 1202 2191 1387 2254; x_wconf 84' lang='lat' dir='ltr'>legibus</span> <span class='ocrx_word' id='word_1_149' title='bbox 1405 2192 1666 2254; x_wconf 88' lang='lat' dir='ltr'>speciatim,</span> <span class='ocrx_word' id='word_1_150' title='bbox 1674 2191 1819 2251; x_wconf 89' lang='lat' dir='ltr'>idest,</span> 
     </span>
     <span class='ocr_line' id='line_1_21' title="bbox 336 2289 1820 2354; baseline 0.001 -18"><span class='ocrx_word' id='word_1_151' title='bbox 336 2304 399 2336; x_wconf 91' lang='lat' dir='ltr'>ne</span> <span class='ocrx_word' id='word_1_152' title='bbox 422 2304 527 2351; x_wconf 88' lang='lat' dir='ltr'>quae</span> <span class='ocrx_word' id='word_1_153' title='bbox 550 2289 660 2348; x_wconf 91' lang='lat' dir='ltr'>sint,</span> <span class='ocrx_word' id='word_1_154' title='bbox 696 2290 781 2337; x_wconf 91' lang='lat' dir='ltr'>sed</span> <span class='ocrx_word' id='word_1_155' title='bbox 803 2291 920 2352; x_wconf 89' lang='lat' dir='ltr'>quid</span> <span class='ocrx_word' id='word_1_156' title='bbox 943 2291 1038 2338; x_wconf 90' lang='lat' dir='ltr'>sint</span> <span class='ocrx_word' id='word_1_157' title='bbox 1059 2291 1205 2354; x_wconf 85' lang='lat' dir='ltr'>leges,</span> <span class='ocrx_word' id='word_1_158' title='bbox 1231 2290 1453 2339; x_wconf 86' lang='lat' dir='ltr'>dicerem.</span> <span class='ocrx_word' id='word_1_159' title='bbox 1549 2290 1727 2349; x_wconf 87' lang='lat' dir='ltr'>Tertio,</span> <span class='ocrx_word' id='word_1_160' title='bbox 1758 2306 1820 2338; x_wconf 89' lang='lat' dir='ltr'>ne</span> 
     </span>
     <span class='ocr_line' id='line_1_22' title="bbox 338 2389 1819 2438; baseline 0.001 -2"><span class='ocrx_word' id='word_1_161' title='bbox 338 2389 521 2436; x_wconf 90' lang='lat' dir='ltr'>civitati</span> <span class='ocrx_word' id='word_1_162' title='bbox 534 2389 876 2438; x_wconf 87' lang='lat' dir='ltr'>aristocraticae</span> <span class='ocrx_word' id='word_1_163' title='bbox 893 2391 969 2438; x_wconf 91' lang='lat' dir='ltr'>vel</span> <span class='ocrx_word' id='word_1_164' title='bbox 985 2390 1319 2438; x_wconf 86' lang='lat' dir='ltr'>democraticae</span> <span class='ocrx_word' id='word_1_165' title='bbox 1337 2390 1571 2437; x_wconf 88' lang='lat' dir='ltr'>minorem</span> <span class='ocrx_word' id='word_1_166' title='bbox 1588 2406 1618 2437; x_wconf 93' lang='lat' dir='ltr'>a</span> <span class='ocrx_word' id='word_1_167' title='bbox 1637 2389 1819 2438; x_wconf 83' lang='lat' dir='ltr'>civibus</span> 
     </span>
     <span class='ocr_line' id='line_1_23' title="bbox 338 2479 1816 2552; baseline 0.001 -17"><span class='ocrx_word' id='word_1_168' title='bbox 338 2479 659 2536; x_wconf 87' lang='lat' dir='ltr'>obedientiam</span> <span class='ocrx_word' id='word_1_169' title='bbox 673 2488 836 2537; x_wconf 92' lang='lat' dir='ltr'>deberi</span> <span class='ocrx_word' id='word_1_170' title='bbox 851 2505 994 2552; x_wconf 89' lang='lat' dir='ltr'>quam</span> <span class='ocrx_word' id='word_1_171' title='bbox 1001 2490 1321 2537; x_wconf 89' lang='lat' dir='ltr'>monarchicae</span> <span class='ocrx_word' id='word_1_172' title='bbox 1330 2489 1600 2537; x_wconf 89' lang='lat' dir='ltr'>existimare</span> <span class='ocrx_word' id='word_1_173' title='bbox 1607 2488 1816 2537; x_wconf 86' lang='lat' dir='ltr'>viderer:</span> 
     </span>
     <span class='ocr_line' id='line_1_24' title="bbox 337 2587 1818 2652; baseline 0.001 -17"><span class='ocrx_word' id='word_1_174' title='bbox 337 2587 451 2636; x_wconf 91' lang='lat' dir='ltr'>licet</span> <span class='ocrx_word' id='word_1_175' title='bbox 468 2589 596 2636; x_wconf 91' lang='lat' dir='ltr'>enim</span> <span class='ocrx_word' id='word_1_176' title='bbox 615 2590 942 2637; x_wconf 90' lang='lat' dir='ltr'>monarchiam</span> <span class='ocrx_word' id='word_1_177' title='bbox 959 2590 1146 2637; x_wconf 89' lang='lat' dir='ltr'>caeteris</span> <span class='ocrx_word' id='word_1_178' title='bbox 1162 2590 1367 2638; x_wconf 89' lang='lat' dir='ltr'>civitatis</span> <span class='ocrx_word' id='word_1_179' title='bbox 1392 2589 1637 2652; x_wconf 89' lang='lat' dir='ltr'>speciebus</span> <span class='ocrx_word' id='word_1_180' title='bbox 1661 2589 1818 2652; x_wconf 86' lang='lat' dir='ltr'>capite</span> 
     </span>
     <span class='ocr_line' id='line_1_25' title="bbox 338 2686 1817 2753; baseline 0.001 -19"><span class='ocrx_word' id='word_1_181' title='bbox 338 2686 522 2735; x_wconf 89' lang='lat' dir='ltr'>decimo</span> <span class='ocrx_word' id='word_1_182' title='bbox 546 2690 918 2738; x_wconf 89' lang='lat' dir='ltr'>commodiorem</span> <span class='ocrx_word' id='word_1_183' title='bbox 956 2705 1059 2737; x_wconf 89' lang='lat' dir='ltr'>esse</span> <span class='ocrx_word' id='word_1_184' title='bbox 1089 2689 1381 2753; x_wconf 86' lang='lat' dir='ltr'>argumentis</span> <span class='ocrx_word' id='word_1_185' title='bbox 1413 2688 1595 2751; x_wconf 90' lang='lat' dir='ltr'>aliquot</span> <span class='ocrx_word' id='word_1_186' title='bbox 1618 2688 1817 2736; x_wconf 89' lang='lat' dir='ltr'>suadere</span> 
     </span>
    </p>
   </div>
   <div class='ocr_carea' id='block_1_3' title="bbox 339 2786 1818 2851">
    <p class='ocr_par' dir='ltr' id='par_1_4' title="bbox 339 2786 1818 2851">
     <span class='ocr_line' id='line_1_26' title="bbox 339 2786 1818 2851; baseline 0.001 -17"><span class='ocrx_word' id='word_1_187' title='bbox 339 2794 539 2835; x_wconf 89' lang='lat' dir='ltr'>conatus</span> <span class='ocrx_word' id='word_1_188' title='bbox 563 2788 651 2836; x_wconf 91' lang='lat' dir='ltr'>sim</span> <span class='ocrx_word' id='word_1_189' title='bbox 671 2809 683 2844; x_wconf 93' lang='lat'>;</span> <span class='ocrx_word' id='word_1_190' title='bbox 719 2805 863 2851; x_wconf 92' lang='lat' dir='ltr'>quam</span> <span class='ocrx_word' id='word_1_191' title='bbox 885 2804 987 2836; x_wconf 90' lang='lat' dir='ltr'>rem</span> <span class='ocrx_word' id='word_1_192' title='bbox 1003 2804 1149 2837; x_wconf 87' lang='lat' dir='ltr'>unam</span> <span class='ocrx_word' id='word_1_193' title='bbox 1166 2789 1216 2837; x_wconf 92' lang='lat' dir='ltr'>in</span> <span class='ocrx_word' id='word_1_194' title='bbox 1239 2789 1331 2837; x_wconf 89' lang='lat' dir='ltr'>hoc</span> <span class='ocrx_word' id='word_1_195' title='bbox 1354 2788 1476 2835; x_wconf 93' lang='lat' dir='ltr'>libro</span> <span class='ocrx_word' id='word_1_196' title='bbox 1499 2803 1597 2835; x_wconf 93' lang='lat' dir='ltr'>non</span> <span class='ocrx_word' id='word_1_197' title='bbox 1621 2786 1818 2835; x_wconf 91' lang='lat' dir='ltr'>demon-</span> 
     </span>
    </p>
   </div>
  </div>
 </body>
</html>
