<?xml version="1.0" encoding="UTF-8"?>
<!DOCTYPE html PUBLIC "-//W3C//DTD XHTML 1.0 Transitional//EN"
    "http://www.w3.org/TR/xhtml1/DTD/xhtml1-transitional.dtd">
<html xmlns="http://www.w3.org/1999/xhtml" xml:lang="en" lang="en">
 <head>
  <title>
</title>
<meta http-equiv="Content-Type" content="text/html;charset=utf-8" />
  <meta name='ocr-system' content='tesseract 3.04.00' />
  <meta name='ocr-capabilities' content='ocr_page ocr_carea ocr_par ocr_line ocrx_word'/>
</head>
<body>
  <div class='ocr_page' id='page_1' title='image "./operaphilosophic02hobbuoft_0178.png"; bbox 0 0 2020 3262; ppageno 0'>
   <div class='ocr_carea' id='block_1_1' title="bbox 501 266 1289 316">
    <p class='ocr_par' dir='ltr' id='par_1_1' title="bbox 501 266 1289 316">
     <span class='ocr_line' id='line_1_1' title="bbox 501 266 1289 316; baseline 0.011 -9"><span class='ocrx_word' id='word_1_1' title='bbox 501 266 589 308; x_wconf 91' lang='lat'>164</span> <span class='ocrx_word' id='word_1_2' title='bbox 1007 281 1289 316; x_wconf 79' lang='lat' dir='ltr'>LIBERTAS.</span> 
     </span>
    </p>
   </div>
   <div class='ocr_carea' id='block_1_2' title="bbox 235 386 1864 460">
    <p class='ocr_par' dir='ltr' id='par_1_2' title="bbox 235 386 1864 460">
     <span class='ocr_line' id='line_1_2' title="bbox 235 386 1864 460; baseline 0.007 -28"><span class='ocrx_word' id='word_1_3' title='bbox 235 406 365 439; x_wconf 70' lang='lat' dir='ltr'>SEcvr,</span> <span class='ocrx_word' id='word_1_4' title='bbox 385 407 455 441; x_wconf 90' lang='lat'>111.</span> <span class='ocrx_word' id='word_1_5' title='bbox 488 386 626 449; x_wconf 69' lang='lat' dir='ltr'>juri-5¹</span> <span class='ocrx_word' id='word_1_6' title='bbox 646 389 882 437; x_wconf 86' lang='lat' dir='ltr'>naturalis</span> <span class='ocrx_word' id='word_1_7' title='bbox 920 390 1290 439; x_wconf 85' lang='lat' dir='ltr'>fundamentum</span> <span class='ocrx_word' id='word_1_8' title='bbox 1313 392 1524 454; x_wconf 88' lang='lat' dir='ltr'>primum</span> <span class='ocrx_word' id='word_1_9' title='bbox 1548 400 1635 453; x_wconf 83' lang='lat' dir='ltr'>est,</span> <span class='ocrx_word' id='word_1_10' title='bbox 1652 401 1706 442; x_wconf 90' lang='lat' dir='ltr'>ut</span> <span class='ocrx_word' id='word_1_11' title='bbox 1727 395 1864 460; x_wconf 70' lang='lat' dir='ltr'>quis-</span> 
     </span>
    </p>
   </div>
   <div class='ocr_carea' id='block_1_3' title="bbox 253 504 443 527">
    <p class='ocr_par' dir='ltr' id='par_1_3' title="bbox 253 504 443 527">
     <span class='ocr_line' id='line_1_3' title="bbox 253 504 443 527; baseline 0.011 -8"><span class='ocrx_word' id='word_1_12' title='bbox 253 504 443 527; x_wconf 34' lang='lat' dir='ltr'>*vd</span> 
     </span>
    </p>
   </div>
   <div class='ocr_carea' id='block_1_4' title="bbox 214 550 443 667">
    <p class='ocr_par' dir='ltr' id='par_1_4' title="bbox 214 550 443 667">
     <span class='ocr_line' id='line_1_4' title="bbox 214 550 423 580; baseline 0.005 -1"><span class='ocrx_word' id='word_1_13' title='bbox 214 550 234 579; x_wconf 84' lang='lat' dir='ltr'>J</span> <span class='ocrx_word' id='word_1_14' title='bbox 236 560 272 579; x_wconf 84' lang='lat' dir='ltr'>us</span> <span class='ocrx_word' id='word_1_15' title='bbox 285 552 323 580; x_wconf 81' lang='lat' dir='ltr'>ad</span> <span class='ocrx_word' id='word_1_16' title='bbox 334 552 423 580; x_wconf 84' lang='lat' dir='ltr'>finem</span> 
     </span>
     <span class='ocr_line' id='line_1_5' title="bbox 214 594 443 632; baseline 0.013 -11"><span class='ocrx_word' id='word_1_17' title='bbox 214 594 264 622; x_wconf 78' lang='lat' dir='ltr'>dat</span> <span class='ocrx_word' id='word_1_18' title='bbox 273 594 324 632; x_wconf 84' lang='lat' dir='ltr'>jus</span> <span class='ocrx_word' id='word_1_19' title='bbox 337 595 374 623; x_wconf 86' lang='lat' dir='ltr'>ad</span> <span class='ocrx_word' id='word_1_20' title='bbox 387 605 443 624; x_wconf 81' lang='lat' dir='ltr'>me-</span> 
     </span>
     <span class='ocr_line' id='line_1_6' title="bbox 214 637 442 667; baseline 0.009 -2"><span class='ocrx_word' id='word_1_21' title='bbox 214 637 262 665; x_wconf 81' lang='lat' dir='ltr'>dia</span> <span class='ocrx_word' id='word_1_22' title='bbox 274 639 442 667; x_wconf 78' lang='lat' dir='ltr'>necessaria.</span> 
     </span>
    </p>
   </div>
   <div class='ocr_carea' id='block_1_5' title="bbox 208 997 479 1157">
    <p class='ocr_par' dir='ltr' id='par_1_5' title="bbox 208 997 479 1157">
     <span class='ocr_line' id='line_1_7' title="bbox 211 997 423 1026; baseline 0 0"><span class='ocrx_word' id='word_1_23' title='bbox 211 997 285 1026; x_wconf 79' lang='lat' dir='ltr'>Jure</span> <span class='ocrx_word' id='word_1_24' title='bbox 298 998 423 1026; x_wconf 78' lang='lat' dir='ltr'>naturali</span> 
     </span>
     <span class='ocr_line' id='line_1_8' title="bbox 214 1050 449 1079; baseline 0.009 -11"><span class='ocrx_word' id='word_1_25' title='bbox 214 1050 449 1079; x_wconf 70' lang='lat' dir='ltr'>imumquemque</span> 
     </span>
     <span class='ocr_line' id='line_1_9' title="bbox 208 1084 414 1121; baseline 0.005 -10"><span class='ocrx_word' id='word_1_26' title='bbox 208 1084 338 1121; x_wconf 84' lang='lat' dir='ltr'>judicem</span> <span class='ocrx_word' id='word_1_27' title='bbox 352 1094 414 1112; x_wconf 85' lang='lat' dir='ltr'>esse</span> 
     </span>
     <span class='ocr_line' id='line_1_10' title="bbox 213 1127 479 1157; baseline 0.011 -3"><span class='ocrx_word' id='word_1_28' title='bbox 213 1127 374 1154; x_wconf 81' lang='lat' dir='ltr'>mediorum</span> <span class='ocrx_word' id='word_1_29' title='bbox 387 1127 424 1155; x_wconf 81' lang='lat' dir='ltr'>ad</span> <span class='ocrx_word' id='word_1_30' title='bbox 434 1129 479 1157; x_wconf 82' lang='lat' dir='ltr'>sui</span> 
     </span>
    </p>
   </div>
   <div class='ocr_carea' id='block_1_6' title="bbox 495 463 1866 1128">
    <p class='ocr_par' dir='ltr' id='par_1_6' title="bbox 496 463 1862 531">
     <span class='ocr_line' id='line_1_11' title="bbox 496 463 1862 531; baseline 0.007 -21"><span class='ocrx_word' id='word_1_31' title='bbox 496 478 590 526; x_wconf 79' lang='lat' dir='ltr'>que</span> <span class='ocrx_word' id='word_1_32' title='bbox 605 463 755 510; x_wconf 81' lang='lat' dir='ltr'>vitam</span> <span class='ocrx_word' id='word_1_33' title='bbox 773 471 823 512; x_wconf 84' lang='lat' dir='ltr'>et</span> <span class='ocrx_word' id='word_1_34' title='bbox 854 466 1067 513; x_wconf 82' lang='lat' dir='ltr'>membra</span> <span class='ocrx_word' id='word_1_35' title='bbox 1090 483 1182 513; x_wconf 75' lang='lat' dir='ltr'>sua</span> <span class='ocrx_word' id='word_1_36' title='bbox 1205 473 1437 530; x_wconf 79' lang='lat' dir='ltr'>quantum</span> <span class='ocrx_word' id='word_1_37' title='bbox 1451 474 1624 531; x_wconf 70' lang='lat' dir='ltr'>potest</span> <span class='ocrx_word' id='word_1_38' title='bbox 1648 475 1862 520; x_wconf 80' lang='lat' dir='ltr'>tueatur.</span> 
     </span>
    </p>

    <p class='ocr_par' dir='ltr' id='par_1_7' title="bbox 495 538 1866 978">
     <span class='ocr_line' id='line_1_12' title="bbox 563 538 1862 605; baseline 0.007 -20"><span class='ocrx_word' id='word_1_39' title='bbox 563 543 608 586; x_wconf 89' lang='lat'>8.</span> <span class='ocrx_word' id='word_1_40' title='bbox 646 538 888 586; x_wconf 77' lang='lat' dir='ltr'>Quoniam</span> <span class='ocrx_word' id='word_1_41' title='bbox 911 547 1076 588; x_wconf 91' lang='lat' dir='ltr'>autem</span> <span class='ocrx_word' id='word_1_42' title='bbox 1095 542 1174 603; x_wconf 90' lang='lat' dir='ltr'>jus</span> <span class='ocrx_word' id='word_1_43' title='bbox 1209 542 1272 588; x_wconf 90' lang='lat' dir='ltr'>ad</span> <span class='ocrx_word' id='word_1_44' title='bbox 1304 542 1450 588; x_wconf 90' lang='lat' dir='ltr'>finem</span> <span class='ocrx_word' id='word_1_45' title='bbox 1486 542 1667 592; x_wconf 84' lang='lat' dir='ltr'>frustra</span> <span class='ocrx_word' id='word_1_46' title='bbox 1700 545 1862 605; x_wconf 87' lang='lat' dir='ltr'>habet,</span> 
     </span>
     <span class='ocr_line' id='line_1_13' title="bbox 497 612 1863 683; baseline 0.007 -24"><span class='ocrx_word' id='word_1_47' title='bbox 497 612 576 659; x_wconf 90' lang='lat' dir='ltr'>cui</span> <span class='ocrx_word' id='word_1_48' title='bbox 593 614 672 676; x_wconf 89' lang='lat' dir='ltr'>jus</span> <span class='ocrx_word' id='word_1_49' title='bbox 697 613 759 660; x_wconf 88' lang='lat' dir='ltr'>ad</span> <span class='ocrx_word' id='word_1_50' title='bbox 783 614 944 662; x_wconf 87' lang='lat' dir='ltr'>media</span> <span class='ocrx_word' id='word_1_51' title='bbox 961 616 1233 663; x_wconf 86' lang='lat' dir='ltr'>necessaria</span> <span class='ocrx_word' id='word_1_52' title='bbox 1257 615 1539 678; x_wconf 83' lang='lat' dir='ltr'>denegatur,</span> <span class='ocrx_word' id='word_1_53' title='bbox 1564 634 1863 683; x_wconf 86' lang='lat' dir='ltr'>consequens</span> 
     </span>
     <span class='ocr_line' id='line_1_14' title="bbox 496 691 1866 755; baseline 0.006 -20"><span class='ocrx_word' id='word_1_54' title='bbox 496 694 586 743; x_wconf 89' lang='lat' dir='ltr'>est,</span> <span class='ocrx_word' id='word_1_55' title='bbox 605 704 716 735; x_wconf 90' lang='lat' dir='ltr'>cum</span> <span class='ocrx_word' id='word_1_56' title='bbox 737 691 1067 754; x_wconf 91' lang='lat' dir='ltr'>unusquisque</span> <span class='ocrx_word' id='word_1_57' title='bbox 1086 707 1135 738; x_wconf 90' lang='lat' dir='ltr'>se</span> <span class='ocrx_word' id='word_1_58' title='bbox 1155 691 1472 738; x_wconf 89' lang='lat' dir='ltr'>conservandi</span> <span class='ocrx_word' id='word_1_59' title='bbox 1490 693 1569 755; x_wconf 86' lang='lat' dir='ltr'>jus</span> <span class='ocrx_word' id='word_1_60' title='bbox 1591 694 1784 753; x_wconf 85' lang='lat' dir='ltr'>habeat,</span> <span class='ocrx_word' id='word_1_61' title='bbox 1805 702 1866 743; x_wconf 86' lang='lat' dir='ltr'>ut</span> 
     </span>
     <span class='ocr_line' id='line_1_15' title="bbox 496 763 1864 826; baseline 0.006 -17"><span class='ocrx_word' id='word_1_62' title='bbox 496 763 827 826; x_wconf 85' lang='lat' dir='ltr'>unusquisque</span> <span class='ocrx_word' id='word_1_63' title='bbox 850 765 929 826; x_wconf 87' lang='lat' dir='ltr'>jus</span> <span class='ocrx_word' id='word_1_64' title='bbox 954 765 1100 812; x_wconf 88' lang='lat' dir='ltr'>etiam</span> <span class='ocrx_word' id='word_1_65' title='bbox 1122 766 1298 813; x_wconf 85' lang='lat' dir='ltr'>habeat</span> <span class='ocrx_word' id='word_1_66' title='bbox 1327 767 1499 814; x_wconf 78' lang='lat' dir='ltr'>utendi</span> <span class='ocrx_word' id='word_1_67' title='bbox 1529 768 1745 816; x_wconf 75' lang='lat' dir='ltr'>omnibus</span> <span class='ocrx_word' id='word_1_68' title='bbox 1767 786 1864 817; x_wconf 85' lang='lat' dir='ltr'>me-</span> 
     </span>
     <span class='ocr_line' id='line_1_16' title="bbox 497 836 1864 907; baseline 0.007 -23"><span class='ocrx_word' id='word_1_69' title='bbox 497 836 612 896; x_wconf 73' lang='lat' dir='ltr'>diis,</span> <span class='ocrx_word' id='word_1_70' title='bbox 637 845 688 885; x_wconf 77' lang='lat' dir='ltr'>et</span> <span class='ocrx_word' id='word_1_71' title='bbox 711 839 897 903; x_wconf 80' lang='lat' dir='ltr'>agendi</span> <span class='ocrx_word' id='word_1_72' title='bbox 918 856 1101 888; x_wconf 81' lang='lat' dir='ltr'>omnem</span> <span class='ocrx_word' id='word_1_73' title='bbox 1125 841 1380 900; x_wconf 79' lang='lat' dir='ltr'><em>actionem,</em></span> <span class='ocrx_word' id='word_1_74' title='bbox 1405 842 1511 890; x_wconf 72' lang='lat' dir='ltr'>sine</span> <span class='ocrx_word' id='word_1_75' title='bbox 1534 860 1633 907; x_wconf 82' lang='lat' dir='ltr'>qua</span> <span class='ocrx_word' id='word_1_76' title='bbox 1667 861 1864 894; x_wconf 71' lang='lat' dir='ltr'>conser-</span> 
     </span>
     <span class='ocr_line' id='line_1_17' title="bbox 495 921 1006 978; baseline 0.008 -20"><span class='ocrx_word' id='word_1_77' title='bbox 495 928 614 959; x_wconf 78' lang='lat' dir='ltr'>vare</span> <span class='ocrx_word' id='word_1_78' title='bbox 635 929 690 960; x_wconf 74' lang='lat' dir='ltr'>se</span> <span class='ocrx_word' id='word_1_79' title='bbox 712 930 805 961; x_wconf 79' lang='lat' dir='ltr'>non</span> <span class='ocrx_word' id='word_1_80' title='bbox 818 921 1006 978; x_wconf 73' lang='lat' dir='ltr'>potest.</span> 
     </span>
    </p>

    <p class='ocr_par' dir='ltr' id='par_1_8' title="bbox 495 988 1864 1128">
     <span class='ocr_line' id='line_1_18' title="bbox 563 988 1862 1058; baseline 0.007 -23"><span class='ocrx_word' id='word_1_81' title='bbox 563 993 608 1035; x_wconf 90' lang='lat'>9.</span> <span class='ocrx_word' id='word_1_82' title='bbox 646 988 824 1037; x_wconf 85' lang='lat' dir='ltr'>Utrum</span> <span class='ocrx_word' id='word_1_83' title='bbox 846 997 1009 1037; x_wconf 87' lang='lat' dir='ltr'>autem</span> <span class='ocrx_word' id='word_1_84' title='bbox 1031 991 1205 1050; x_wconf 84' lang='lat' dir='ltr'>media,</span> <span class='ocrx_word' id='word_1_85' title='bbox 1231 993 1402 1055; x_wconf 91' lang='lat' dir='ltr'>quibus</span> <span class='ocrx_word' id='word_1_86' title='bbox 1424 1008 1600 1042; x_wconf 90' lang='lat' dir='ltr'>usurus</span> <span class='ocrx_word' id='word_1_87' title='bbox 1625 995 1862 1058; x_wconf 87' lang='lat' dir='ltr'>quispiam</span> 
     </span>
     <span class='ocr_line' id='line_1_19' title="bbox 495 1065 1864 1128; baseline 0.007 -18"><span class='ocrx_word' id='word_1_88' title='bbox 495 1070 584 1122; x_wconf 85' lang='lat' dir='ltr'>est,</span> <span class='ocrx_word' id='word_1_89' title='bbox 610 1070 658 1111; x_wconf 91' lang='lat' dir='ltr'>et</span> <span class='ocrx_word' id='word_1_90' title='bbox 681 1065 808 1112; x_wconf 86' lang='lat' dir='ltr'>actio</span> <span class='ocrx_word' id='word_1_91' title='bbox 846 1082 991 1128; x_wconf 91' lang='lat' dir='ltr'>quam</span> <span class='ocrx_word' id='word_1_92' title='bbox 1014 1074 1211 1115; x_wconf 88' lang='lat' dir='ltr'>acturus</span> <span class='ocrx_word' id='word_1_93' title='bbox 1249 1075 1338 1125; x_wconf 79' lang='lat' dir='ltr'>est,</span> <span class='ocrx_word' id='word_1_94' title='bbox 1362 1068 1424 1116; x_wconf 90' lang='lat' dir='ltr'>ad</span> <span class='ocrx_word' id='word_1_95' title='bbox 1449 1070 1864 1119; x_wconf 88' lang='lat' dir='ltr'>conservationem</span> 
     </span>
    </p>
   </div>
   <div class='ocr_carea' id='block_1_7' title="bbox 214 1139 1861 1205">
    <p class='ocr_par' dir='ltr' id='par_1_9' title="bbox 214 1139 1861 1205">
     <span class='ocr_line' id='line_1_20' title="bbox 214 1139 1861 1205; baseline 0.007 -22"><span class='ocrx_word' id='word_1_96' title='bbox 214 1171 464 1199; x_wconf 39' lang='lat' dir='ltr'>conservationem,</span> <span class='ocrx_word' id='word_1_97' title='bbox 494 1139 608 1186; x_wconf 89' lang='lat' dir='ltr'>vitae</span> <span class='ocrx_word' id='word_1_98' title='bbox 620 1140 700 1187; x_wconf 90' lang='lat' dir='ltr'>vel</span> <span class='ocrx_word' id='word_1_99' title='bbox 722 1141 1050 1189; x_wconf 87' lang='lat' dir='ltr'>membrorum</span> <span class='ocrx_word' id='word_1_100' title='bbox 1065 1158 1262 1190; x_wconf 89' lang='lat' dir='ltr'>suorum</span> <span class='ocrx_word' id='word_1_101' title='bbox 1284 1145 1555 1192; x_wconf 86' lang='lat' dir='ltr'>necessaria</span> <span class='ocrx_word' id='word_1_102' title='bbox 1571 1145 1669 1193; x_wconf 90' lang='lat' dir='ltr'>sint</span> <span class='ocrx_word' id='word_1_103' title='bbox 1691 1162 1861 1205; x_wconf 87' lang='grc'><strong>1100110,</strong></span> 
     </span>
    </p>
   </div>
   <div class='ocr_carea' id='block_1_8' title="bbox 215 1897 428 2013">
    <p class='ocr_par' dir='ltr' id='par_1_10' title="bbox 215 1897 428 2013">
     <span class='ocr_line' id='line_1_21' title="bbox 216 1897 383 1925; baseline -0.012 0"><span class='ocrx_word' id='word_1_104' title='bbox 216 1897 235 1925; x_wconf 82' lang='lat' dir='ltr'>J</span> <span class='ocrx_word' id='word_1_105' title='bbox 238 1905 289 1924; x_wconf 82' lang='lat' dir='ltr'>ure</span> <span class='ocrx_word' id='word_1_106' title='bbox 301 1899 383 1924; x_wconf 79' lang='lat' dir='ltr'>natu-</span> 
     </span>
     <span class='ocr_line' id='line_1_22' title="bbox 215 1940 375 1968; baseline 0 -1"><span class='ocrx_word' id='word_1_107' title='bbox 215 1940 269 1968; x_wconf 80' lang='lat' dir='ltr'>rali</span> <span class='ocrx_word' id='word_1_108' title='bbox 278 1940 375 1967; x_wconf 83' lang='lat' dir='ltr'>omnia</span> 
     </span>
     <span class='ocr_line' id='line_1_23' title="bbox 215 1983 428 2013; baseline -0.009 0"><span class='ocrx_word' id='word_1_109' title='bbox 215 1992 278 2013; x_wconf 77' lang='lat' dir='ltr'>esse</span> <span class='ocrx_word' id='word_1_110' title='bbox 291 1983 428 2011; x_wconf 79' lang='lat' dir='ltr'>omnium.</span> 
     </span>
    </p>
   </div>
   <div class='ocr_carea' id='block_1_9' title="bbox 487 1214 1867 1874">
    <p class='ocr_par' dir='ltr' id='par_1_11' title="bbox 487 1214 1867 1874">
     <span class='ocr_line' id='line_1_24' title="bbox 494 1214 1863 1278; baseline 0.007 -18"><span class='ocrx_word' id='word_1_111' title='bbox 494 1214 604 1277; x_wconf 76' lang='lat' dir='ltr'>ipse</span> <span class='ocrx_word' id='word_1_112' title='bbox 621 1216 730 1278; x_wconf 89' lang='lat' dir='ltr'>jure</span> <span class='ocrx_word' id='word_1_113' title='bbox 743 1216 1124 1278; x_wconf 80' lang='lat' dir='ltr'>naturalijudeoe</span> <span class='ocrx_word' id='word_1_114' title='bbox 1140 1225 1229 1265; x_wconf 71' lang='lat' dir='ltr'>est.</span> <span class='ocrx_word' id='word_1_115' title='bbox 1268 1218 1319 1266; x_wconf 89' lang='lat' dir='ltr'>Si</span> <span class='ocrx_word' id='word_1_116' title='bbox 1336 1219 1467 1266; x_wconf 90' lang='lat' dir='ltr'>enim</span> <span class='ocrx_word' id='word_1_117' title='bbox 1485 1231 1656 1268; x_wconf 88' lang='lat' dir='ltr'>contra</span> <span class='ocrx_word' id='word_1_118' title='bbox 1677 1229 1863 1270; x_wconf 86' lang='lat' dir='ltr'>rectam</span> 
     </span>
     <span class='ocr_line' id='line_1_25' title="bbox 493 1290 1861 1358; baseline 0.005 -21"><span class='ocrx_word' id='word_1_119' title='bbox 493 1290 732 1338; x_wconf 90' lang='lat' dir='ltr'>rationem</span> <span class='ocrx_word' id='word_1_120' title='bbox 764 1291 840 1350; x_wconf 88' lang='lat' dir='ltr'>sit,</span> <span class='ocrx_word' id='word_1_121' title='bbox 864 1299 921 1339; x_wconf 96' lang='lat' dir='ltr'>ut</span> <span class='ocrx_word' id='word_1_122' title='bbox 952 1292 1012 1339; x_wconf 91' lang='lat' dir='ltr'>de</span> <span class='ocrx_word' id='word_1_123' title='bbox 1042 1293 1238 1355; x_wconf 87' lang='lat' dir='ltr'>proprio</span> <span class='ocrx_word' id='word_1_124' title='bbox 1260 1294 1474 1356; x_wconf 90' lang='lat' dir='ltr'>periculo</span> <span class='ocrx_word' id='word_1_125' title='bbox 1498 1294 1601 1358; x_wconf 89' lang='lat' dir='ltr'>ipse</span> <span class='ocrx_word' id='word_1_126' title='bbox 1630 1296 1861 1358; x_wconf 88' lang='lat' dir='ltr'>judicem,</span> 
     </span>
     <span class='ocr_line' id='line_1_26' title="bbox 487 1365 1861 1433; baseline 0.006 -21"><span class='ocrx_word' id='word_1_127' title='bbox 487 1365 674 1427; x_wconf 89' lang='lat' dir='ltr'>judicet</span> <span class='ocrx_word' id='word_1_128' title='bbox 696 1366 831 1413; x_wconf 89' lang='lat' dir='ltr'>alius.</span> <span class='ocrx_word' id='word_1_129' title='bbox 902 1367 1146 1415; x_wconf 76' lang='lat' dir='ltr'>Quoniam</span> <span class='ocrx_word' id='word_1_130' title='bbox 1180 1384 1294 1431; x_wconf 85' lang='lat' dir='ltr'>ergo</span> <span class='ocrx_word' id='word_1_131' title='bbox 1330 1369 1450 1417; x_wconf 89' lang='lat' dir='ltr'>alius</span> <span class='ocrx_word' id='word_1_132' title='bbox 1482 1370 1671 1433; x_wconf 90' lang='lat' dir='ltr'>judicat</span> <span class='ocrx_word' id='word_1_133' title='bbox 1707 1371 1766 1420; x_wconf 90' lang='lat' dir='ltr'>de</span> <span class='ocrx_word' id='word_1_134' title='bbox 1802 1372 1861 1420; x_wconf 89' lang='lat' dir='ltr'>iis</span> 
     </span>
     <span class='ocr_line' id='line_1_27' title="bbox 493 1440 1863 1511; baseline 0.007 -25"><span class='ocrx_word' id='word_1_135' title='bbox 493 1440 636 1487; x_wconf 87' lang='lat' dir='ltr'>rebus</span> <span class='ocrx_word' id='word_1_136' title='bbox 671 1456 778 1502; x_wconf 85' lang='lat' dir='ltr'>quae</span> <span class='ocrx_word' id='word_1_137' title='bbox 810 1442 872 1488; x_wconf 90' lang='lat' dir='ltr'>ad</span> <span class='ocrx_word' id='word_1_138' title='bbox 908 1458 985 1489; x_wconf 89' lang='lat' dir='ltr'>me</span> <span class='ocrx_word' id='word_1_139' title='bbox 1023 1450 1259 1504; x_wconf 82' lang='lat' dir='ltr'>spectant,</span> <span class='ocrx_word' id='word_1_140' title='bbox 1301 1444 1469 1491; x_wconf 89' lang='lat' dir='ltr'>eadem</span> <span class='ocrx_word' id='word_1_141' title='bbox 1505 1446 1709 1506; x_wconf 87' lang='lat' dir='ltr'>ratione,</span> <span class='ocrx_word' id='word_1_142' title='bbox 1748 1448 1863 1511; x_wconf 89' lang='lat' dir='ltr'>quia</span> 
     </span>
     <span class='ocr_line' id='line_1_28' title="bbox 493 1515 1861 1583; baseline 0.007 -22"><span class='ocrx_word' id='word_1_143' title='bbox 493 1515 702 1578; x_wconf 88' lang='lat' dir='ltr'>aequales</span> <span class='ocrx_word' id='word_1_144' title='bbox 738 1523 914 1563; x_wconf 87' lang='lat' dir='ltr'>natura</span> <span class='ocrx_word' id='word_1_145' title='bbox 938 1532 1117 1576; x_wconf 82' lang='lat' dir='ltr'>sumus,</span> <span class='ocrx_word' id='word_1_146' title='bbox 1138 1518 1368 1580; x_wconf 85' lang='lat' dir='ltr'>judicabo</span> <span class='ocrx_word' id='word_1_147' title='bbox 1404 1535 1494 1583; x_wconf 84' lang='lat' dir='ltr'>ego</span> <span class='ocrx_word' id='word_1_148' title='bbox 1532 1521 1591 1568; x_wconf 92' lang='lat' dir='ltr'>de</span> <span class='ocrx_word' id='word_1_149' title='bbox 1621 1522 1680 1569; x_wconf 90' lang='lat' dir='ltr'>iis</span> <span class='ocrx_word' id='word_1_150' title='bbox 1715 1523 1861 1571; x_wconf 91' lang='lat' dir='ltr'>rebus</span> 
     </span>
     <span class='ocr_line' id='line_1_29' title="bbox 495 1588 1860 1658; baseline 0.008 -22"><span class='ocrx_word' id='word_1_151' title='bbox 495 1606 603 1652; x_wconf 86' lang='lat' dir='ltr'>quae</span> <span class='ocrx_word' id='word_1_152' title='bbox 640 1590 703 1637; x_wconf 88' lang='lat' dir='ltr'>ad</span> <span class='ocrx_word' id='word_1_153' title='bbox 738 1591 896 1654; x_wconf 87' lang='lat' dir='ltr'>ipsum</span> <span class='ocrx_word' id='word_1_154' title='bbox 936 1588 1173 1654; x_wconf 78' lang='lat' dir='ltr'>spectant.</span> <span class='ocrx_word' id='word_1_155' title='bbox 1250 1594 1419 1657; x_wconf 89' lang='lat' dir='ltr'>Itaque</span> <span class='ocrx_word' id='word_1_156' title='bbox 1457 1602 1603 1644; x_wconf 89' lang='lat' dir='ltr'>rectae</span> <span class='ocrx_word' id='word_1_157' title='bbox 1643 1598 1860 1658; x_wconf 89' lang='lat' dir='ltr'>rationis,</span> 
     </span>
     <span class='ocr_line' id='line_1_30' title="bbox 495 1665 1866 1735; baseline 0.007 -23"><span class='ocrx_word' id='word_1_158' title='bbox 495 1665 588 1712; x_wconf 90' lang='lat' dir='ltr'>hoc</span> <span class='ocrx_word' id='word_1_159' title='bbox 612 1672 698 1722; x_wconf 89' lang='lat' dir='ltr'>est,</span> <span class='ocrx_word' id='word_1_160' title='bbox 717 1666 839 1728; x_wconf 86' lang='lat' dir='ltr'>juris</span> <span class='ocrx_word' id='word_1_161' title='bbox 861 1668 1094 1715; x_wconf 85' lang='lat' dir='ltr'>naturalis</span> <span class='ocrx_word' id='word_1_162' title='bbox 1119 1675 1205 1727; x_wconf 82' lang='lat' dir='ltr'>est,</span> <span class='ocrx_word' id='word_1_163' title='bbox 1229 1676 1285 1716; x_wconf 88' lang='lat' dir='ltr'>ut</span> <span class='ocrx_word' id='word_1_164' title='bbox 1309 1685 1399 1732; x_wconf 85' lang='lat' dir='ltr'>ego</span> <span class='ocrx_word' id='word_1_165' title='bbox 1424 1670 1483 1718; x_wconf 87' lang='lat' dir='ltr'>de</span> <span class='ocrx_word' id='word_1_166' title='bbox 1506 1671 1632 1720; x_wconf 88' lang='lat' dir='ltr'>illius</span> <span class='ocrx_word' id='word_1_167' title='bbox 1651 1673 1866 1735; x_wconf 89' lang='lat' dir='ltr'>judicem</span> 
     </span>
     <span class='ocr_line' id='line_1_31' title="bbox 495 1741 1867 1799; baseline 0.007 -12"><span class='ocrx_word' id='word_1_168' title='bbox 495 1741 748 1799; x_wconf 80' lang='lat' dir='ltr'>sententia,</span> <span class='ocrx_word' id='word_1_169' title='bbox 795 1742 979 1789; x_wconf 90' lang='lat' dir='ltr'>scilicet</span> <span class='ocrx_word' id='word_1_170' title='bbox 1033 1758 1096 1790; x_wconf 87' lang='lat' dir='ltr'>an</span> <span class='ocrx_word' id='word_1_171' title='bbox 1141 1743 1204 1790; x_wconf 85' lang='lat' dir='ltr'>ad</span> <span class='ocrx_word' id='word_1_172' title='bbox 1248 1745 1665 1795; x_wconf 86' lang='lat' dir='ltr'>conservationem</span> <span class='ocrx_word' id='word_1_173' title='bbox 1708 1763 1867 1796; x_wconf 89' lang='lat' dir='ltr'>meam</span> 
     </span>
     <span class='ocr_line' id='line_1_32' title="bbox 494 1816 941 1874; baseline 0.004 -12"><span class='ocrx_word' id='word_1_174' title='bbox 494 1816 750 1874; x_wconf 78' lang='lat' dir='ltr'>conducat,</span> <span class='ocrx_word' id='word_1_175' title='bbox 774 1833 941 1865; x_wconf 89' lang='lat' dir='ltr'>necne.</span> 
     </span>
    </p>
   </div>
   <div class='ocr_carea' id='block_1_10' title="bbox 494 1891 1867 2034">
    <p class='ocr_par' dir='ltr' id='par_1_12' title="bbox 494 1891 1867 2034">
     <span class='ocr_line' id='line_1_33' title="bbox 566 1891 1867 1957; baseline 0.007 -20"><span class='ocrx_word' id='word_1_176' title='bbox 566 1896 639 1938; x_wconf 87' lang='lat'>10.</span> <span class='ocrx_word' id='word_1_177' title='bbox 677 1891 865 1938; x_wconf 90' lang='lat' dir='ltr'>Natura</span> <span class='ocrx_word' id='word_1_178' title='bbox 897 1891 1032 1939; x_wconf 86' lang='lat' dir='ltr'>dedit</span> <span class='ocrx_word' id='word_1_179' title='bbox 1071 1893 1331 1957; x_wconf 78' lang='lat' dir='ltr'>unicuique</span> <span class='ocrx_word' id='word_1_180' title='bbox 1355 1896 1446 1957; x_wconf 71' lang='lat' dir='ltr'>jus</span> <span class='ocrx_word' id='word_1_181' title='bbox 1471 1895 1522 1943; x_wconf 80' lang='lat' dir='ltr'>in</span> <span class='ocrx_word' id='word_1_182' title='bbox 1545 1896 1737 1944; x_wconf 78' lang='lat' dir='ltr'>omnia:</span> <span class='ocrx_word' id='word_1_183' title='bbox 1771 1897 1867 1946; x_wconf 92' lang='lat' dir='ltr'>hoc</span> 
     </span>
     <span class='ocr_line' id='line_1_34' title="bbox 494 1965 1865 2034; baseline 0.007 -23"><span class='ocrx_word' id='word_1_184' title='bbox 494 1971 581 2023; x_wconf 84' lang='lat' dir='ltr'>est,</span> <span class='ocrx_word' id='word_1_185' title='bbox 628 1965 679 2012; x_wconf 90' lang='lat' dir='ltr'>in</span> <span class='ocrx_word' id='word_1_186' title='bbox 719 1967 878 2013; x_wconf 67' lang='lat' dir='ltr'>statu*</span> <span class='ocrx_word' id='word_1_187' title='bbox 917 1983 1049 2014; x_wconf 84' lang='lat' dir='ltr'>mere</span> <span class='ocrx_word' id='word_1_188' title='bbox 1085 1969 1311 2027; x_wconf 83' lang='lat' dir='ltr'>naturali,</span> <span class='ocrx_word' id='word_1_189' title='bbox 1349 1969 1449 2017; x_wconf 90' lang='lat' dir='ltr'>sive</span> <span class='ocrx_word' id='word_1_190' title='bbox 1480 1978 1738 2034; x_wconf 87' lang='lat' dir='ltr'>antequam</span> <span class='ocrx_word' id='word_1_191' title='bbox 1776 1972 1865 2020; x_wconf 94' lang='lat' dir='ltr'>ho-</span> 
     </span>
    </p>
   </div>
   <div class='ocr_carea' id='block_1_11' title="bbox 490 2090 1865 2937">
    <p class='ocr_par' dir='ltr' id='par_1_13' title="bbox 490 2090 1865 2937">
     <span class='ocr_line' id='line_1_35' title="bbox 549 2090 1865 2143; baseline 0.005 -18"><span class='ocrx_word' id='word_1_192' title='bbox 549 2093 572 2116; x_wconf 55' lang='lat'><em>*</em></span> <span class='ocrx_word' id='word_1_193' title='bbox 586 2090 633 2126; x_wconf 76' lang='lat' dir='ltr'>Iu</span> <span class='ocrx_word' id='word_1_194' title='bbox 651 2093 754 2127; x_wconf 78' lang='lat' dir='ltr'>statu</span> <span class='ocrx_word' id='word_1_195' title='bbox 771 2103 866 2127; x_wconf 86' lang='lat' dir='ltr'>mere</span> <span class='ocrx_word' id='word_1_196' title='bbox 885 2090 1067 2136; x_wconf 78' lang='lat' dir='ltr'>naturali,</span> <span class='ocrx_word' id='word_1_197' title='bbox 1091 2091 1175 2141; x_wconf 56' lang='grc'><strong>(30]</strong></span> <span class='ocrx_word' id='word_1_198' title='bbox 1208 2091 1296 2129; x_wconf 92' lang='grc' dir='ltr'>Ηο0</span> <span class='ocrx_word' id='word_1_199' title='bbox 1311 2093 1363 2129; x_wconf 88' lang='lat' dir='ltr'>ita</span> <span class='ocrx_word' id='word_1_200' title='bbox 1381 2093 1667 2143; x_wconf 86' lang='lat' dir='ltr'>intelligendum</span> <span class='ocrx_word' id='word_1_201' title='bbox 1679 2098 1745 2139; x_wconf 92' lang='lat' dir='ltr'>est,</span> <span class='ocrx_word' id='word_1_202' title='bbox 1761 2095 1865 2143; x_wconf 90' lang='lat' dir='ltr'>quod</span> 
     </span>
     <span class='ocr_line' id='line_1_36' title="bbox 495 2150 1864 2204; baseline 0.004 -18"><span class='ocrx_word' id='word_1_203' title='bbox 495 2151 579 2200; x_wconf 90' lang='lat' dir='ltr'>quis</span> <span class='ocrx_word' id='word_1_204' title='bbox 607 2150 739 2187; x_wconf 86' lang='lat' dir='ltr'>fecerit</span> <span class='ocrx_word' id='word_1_205' title='bbox 766 2151 803 2187; x_wconf 91' lang='lat' dir='ltr'>in</span> <span class='ocrx_word' id='word_1_206' title='bbox 831 2156 930 2188; x_wconf 90' lang='lat' dir='ltr'>statu</span> <span class='ocrx_word' id='word_1_207' title='bbox 949 2164 1052 2188; x_wconf 90' lang='lat' dir='ltr'>mere</span> <span class='ocrx_word' id='word_1_208' title='bbox 1072 2152 1245 2197; x_wconf 84' lang='lat' dir='ltr'>naturali,</span> <span class='ocrx_word' id='word_1_209' title='bbox 1266 2153 1302 2190; x_wconf 92' lang='lat' dir='ltr'>id</span> <span class='ocrx_word' id='word_1_210' title='bbox 1337 2153 1512 2203; x_wconf 86' lang='lat' dir='ltr'>injuriam</span> <span class='ocrx_word' id='word_1_211' title='bbox 1540 2154 1682 2191; x_wconf 91' lang='lat' dir='ltr'>homini</span> <span class='ocrx_word' id='word_1_212' title='bbox 1711 2155 1864 2204; x_wconf 89' lang='lat' dir='ltr'>quidem</span> 
     </span>
     <span class='ocr_line' id='line_1_37' title="bbox 495 2211 1864 2267; baseline 0.005 -20"><span class='ocrx_word' id='word_1_213' title='bbox 495 2212 635 2248; x_wconf 90' lang='lat' dir='ltr'>nemini</span> <span class='ocrx_word' id='word_1_214' title='bbox 654 2224 744 2249; x_wconf 89' lang='lat' dir='ltr'>esse.</span> <span class='ocrx_word' id='word_1_215' title='bbox 797 2211 889 2249; x_wconf 93' lang='lat' dir='ltr'>Non</span> <span class='ocrx_word' id='word_1_216' title='bbox 909 2213 1010 2262; x_wconf 91' lang='lat' dir='ltr'>quod</span> <span class='ocrx_word' id='word_1_217' title='bbox 1030 2214 1068 2249; x_wconf 92' lang='lat' dir='ltr'>in</span> <span class='ocrx_word' id='word_1_218' title='bbox 1088 2213 1152 2251; x_wconf 88' lang='lat' dir='ltr'>tali</span> <span class='ocrx_word' id='word_1_219' title='bbox 1171 2218 1270 2251; x_wconf 88' lang='lat' dir='ltr'>statu</span> <span class='ocrx_word' id='word_1_220' title='bbox 1288 2227 1446 2263; x_wconf 87' lang='lat' dir='ltr'>peccare</span> <span class='ocrx_word' id='word_1_221' title='bbox 1465 2216 1502 2252; x_wconf 94' lang='lat' dir='ltr'>in</span> <span class='ocrx_word' id='word_1_222' title='bbox 1522 2214 1660 2261; x_wconf 90' lang='lat' dir='ltr'>Deum,</span> <span class='ocrx_word' id='word_1_223' title='bbox 1680 2221 1745 2253; x_wconf 91' lang='lat' dir='ltr'>aut</span> <span class='ocrx_word' id='word_1_224' title='bbox 1762 2216 1864 2267; x_wconf 89' lang='lat' dir='ltr'>leges</span> 
     </span>
     <span class='ocr_line' id='line_1_38' title="bbox 495 2273 1864 2326; baseline 0.004 -17"><span class='ocrx_word' id='word_1_225' title='bbox 495 2273 682 2310; x_wconf 86' lang='lat' dir='ltr'>naturales</span> <span class='ocrx_word' id='word_1_226' title='bbox 709 2273 849 2310; x_wconf 89' lang='lat' dir='ltr'>violare</span> <span class='ocrx_word' id='word_1_227' title='bbox 875 2274 1104 2322; x_wconf 87' lang='lat' dir='ltr'>impossibile</span> <span class='ocrx_word' id='word_1_228' title='bbox 1135 2275 1193 2311; x_wconf 89' lang='lat' dir='ltr'>sit.</span> <span class='ocrx_word' id='word_1_229' title='bbox 1248 2274 1347 2312; x_wconf 90' lang='lat' dir='ltr'>Nam</span> <span class='ocrx_word' id='word_1_230' title='bbox 1371 2275 1553 2326; x_wconf 88' lang='lat' dir='ltr'>injustitia</span> <span class='ocrx_word' id='word_1_231' title='bbox 1578 2288 1668 2326; x_wconf 87' lang='lat' dir='ltr'>erga</span> <span class='ocrx_word' id='word_1_232' title='bbox 1694 2277 1864 2316; x_wconf 90' lang='lat' dir='ltr'>homines</span> 
     </span>
     <span class='ocr_line' id='line_1_39' title="bbox 494 2333 1863 2384; baseline 0.004 -14"><span class='ocrx_word' id='word_1_233' title='bbox 494 2334 673 2382; x_wconf 87' lang='lat' dir='ltr'>supponit</span> <span class='ocrx_word' id='word_1_234' title='bbox 690 2333 791 2384; x_wconf 86' lang='lat' dir='ltr'>leges</span> <span class='ocrx_word' id='word_1_235' title='bbox 809 2335 1003 2379; x_wconf 86' lang='lat' dir='ltr'>humanas,</span> <span class='ocrx_word' id='word_1_236' title='bbox 1016 2335 1146 2384; x_wconf 85' lang='lat' dir='ltr'>quales</span> <span class='ocrx_word' id='word_1_237' title='bbox 1163 2336 1202 2372; x_wconf 91' lang='lat' dir='ltr'>in</span> <span class='ocrx_word' id='word_1_238' title='bbox 1216 2340 1316 2373; x_wconf 85' lang='lat' dir='ltr'>statu</span> <span class='ocrx_word' id='word_1_239' title='bbox 1336 2337 1496 2374; x_wconf 87' lang='lat' dir='ltr'>naturali</span> <span class='ocrx_word' id='word_1_240' title='bbox 1514 2337 1625 2374; x_wconf 84' lang='lat' dir='ltr'>nullae</span> <span class='ocrx_word' id='word_1_241' title='bbox 1643 2343 1742 2375; x_wconf 88' lang='lat' dir='ltr'>sunt.</span> <span class='ocrx_word' id='word_1_242' title='bbox 1769 2338 1863 2376; x_wconf 90' lang='lat' dir='ltr'>Pro-</span> 
     </span>
     <span class='ocr_line' id='line_1_40' title="bbox 493 2395 1863 2449; baseline 0.004 -18"><span class='ocrx_word' id='word_1_243' title='bbox 493 2395 689 2443; x_wconf 87' lang='lat' dir='ltr'>positionis</span> <span class='ocrx_word' id='word_1_244' title='bbox 706 2401 832 2432; x_wconf 87' lang='lat' dir='ltr'>autem</span> <span class='ocrx_word' id='word_1_245' title='bbox 850 2396 903 2432; x_wconf 88' lang='lat' dir='ltr'>sic</span> <span class='ocrx_word' id='word_1_246' title='bbox 921 2395 1120 2433; x_wconf 76' lang='lat' dir='ltr'>intellectae</span> <span class='ocrx_word' id='word_1_247' title='bbox 1132 2397 1268 2434; x_wconf 84' lang='lat' dir='ltr'>veritas</span> <span class='ocrx_word' id='word_1_248' title='bbox 1287 2409 1334 2434; x_wconf 87' lang='lat' dir='ltr'>ex</span> <span class='ocrx_word' id='word_1_249' title='bbox 1352 2397 1517 2435; x_wconf 86' lang='lat' dir='ltr'>articulis</span> <span class='ocrx_word' id='word_1_250' title='bbox 1535 2397 1749 2436; x_wconf 86' lang='lat' dir='ltr'>immediate</span> <span class='ocrx_word' id='word_1_251' title='bbox 1766 2412 1863 2449; x_wconf 86' lang='lat' dir='ltr'>prae-</span> 
     </span>
     <span class='ocr_line' id='line_1_41' title="bbox 495 2455 1863 2510; baseline 0.005 -18"><span class='ocrx_word' id='word_1_252' title='bbox 495 2455 715 2493; x_wconf 84' lang='lat' dir='ltr'>cedentibus</span> <span class='ocrx_word' id='word_1_253' title='bbox 742 2456 874 2493; x_wconf 90' lang='lat' dir='ltr'>lectori</span> <span class='ocrx_word' id='word_1_254' title='bbox 906 2458 1062 2494; x_wconf 88' lang='lat' dir='ltr'>memori</span> <span class='ocrx_word' id='word_1_255' title='bbox 1091 2458 1181 2495; x_wconf 88' lang='lat' dir='ltr'>satis</span> <span class='ocrx_word' id='word_1_256' title='bbox 1209 2458 1463 2496; x_wconf 88' lang='lat' dir='ltr'>demonstrata</span> <span class='ocrx_word' id='word_1_257' title='bbox 1489 2463 1556 2495; x_wconf 88' lang='lat' dir='ltr'>est.</span> <span class='ocrx_word' id='word_1_258' title='bbox 1612 2457 1688 2496; x_wconf 80' lang='lat' dir='ltr'>Sed</span> <span class='ocrx_word' id='word_1_259' title='bbox 1716 2461 1806 2510; x_wconf 85' lang='lat' dir='ltr'>quia</span> <span class='ocrx_word' id='word_1_260' title='bbox 1823 2461 1863 2498; x_wconf 88' lang='lat' dir='ltr'>in</span> 
     </span>
     <span class='ocr_line' id='line_1_42' title="bbox 495 2517 1863 2568; baseline 0.005 -15"><span class='ocrx_word' id='word_1_261' title='bbox 495 2517 720 2566; x_wconf 89' lang='lat' dir='ltr'>quibusdam</span> <span class='ocrx_word' id='word_1_262' title='bbox 738 2518 886 2555; x_wconf 83' lang='lat' dir='ltr'>casibus</span> <span class='ocrx_word' id='word_1_263' title='bbox 905 2518 1155 2556; x_wconf 87' lang='lat' dir='ltr'>conclusionis</span> <span class='ocrx_word' id='word_1_264' title='bbox 1182 2518 1324 2556; x_wconf 86' lang='lat' dir='ltr'>duritas</span> <span class='ocrx_word' id='word_1_265' title='bbox 1351 2520 1624 2568; x_wconf 86' lang='lat' dir='ltr'>praemissarum</span> <span class='ocrx_word' id='word_1_266' title='bbox 1643 2522 1863 2560; x_wconf 85' lang='lat' dir='ltr'>memoriam</span> 
     </span>
     <span class='ocr_line' id='line_1_43' title="bbox 492 2579 1863 2630; baseline 0.004 -15"><span class='ocrx_word' id='word_1_267' title='bbox 492 2579 657 2627; x_wconf 84' lang='lat' dir='ltr'>expellit,</span> <span class='ocrx_word' id='word_1_268' title='bbox 671 2579 894 2617; x_wconf 84' lang='lat' dir='ltr'>contrahere</span> <span class='ocrx_word' id='word_1_269' title='bbox 909 2584 1172 2629; x_wconf 87' lang='lat' dir='ltr'>argumentum</span> <span class='ocrx_word' id='word_1_270' title='bbox 1193 2579 1289 2625; x_wconf 93' lang='lat' dir='ltr'>volo,</span> <span class='ocrx_word' id='word_1_271' title='bbox 1309 2592 1460 2630; x_wconf 90' lang='lat' dir='ltr'>unoque</span> <span class='ocrx_word' id='word_1_272' title='bbox 1477 2580 1618 2617; x_wconf 86' lang='lat' dir='ltr'>intuitu</span> <span class='ocrx_word' id='word_1_273' title='bbox 1637 2582 1754 2619; x_wconf 89' lang='lat' dir='ltr'>oculis</span> <span class='ocrx_word' id='word_1_274' title='bbox 1772 2595 1863 2620; x_wconf 90' lang='lat' dir='ltr'>con-</span> 
     </span>
     <span class='ocr_line' id='line_1_44' title="bbox 493 2640 1861 2691; baseline 0.004 -15"><span class='ocrx_word' id='word_1_275' title='bbox 493 2640 728 2688; x_wconf 88' lang='lat' dir='ltr'>spiciendum</span> <span class='ocrx_word' id='word_1_276' title='bbox 741 2640 937 2690; x_wconf 86' lang='lat' dir='ltr'>subjicere.</span> <span class='ocrx_word' id='word_1_277' title='bbox 992 2641 1208 2690; x_wconf 89' lang='lat' dir='ltr'>Unicuique</span> <span class='ocrx_word' id='word_1_278' title='bbox 1221 2641 1285 2691; x_wconf 85' lang='lat' dir='ltr'>jus</span> <span class='ocrx_word' id='word_1_279' title='bbox 1303 2646 1409 2678; x_wconf 89' lang='lat' dir='ltr'>estse</span> <span class='ocrx_word' id='word_1_280' title='bbox 1421 2641 1677 2686; x_wconf 87' lang='lat' dir='ltr'>conservandi,</span> <span class='ocrx_word' id='word_1_281' title='bbox 1688 2654 1757 2691; x_wconf 88' lang='lat' dir='ltr'>per</span> <span class='ocrx_word' id='word_1_282' title='bbox 1775 2644 1861 2681; x_wconf 85' lang='lat' dir='ltr'>Art.</span> 
     </span>
     <span class='ocr_line' id='line_1_45' title="bbox 494 2700 1861 2751; baseline 0.004 -14"><span class='ocrx_word' id='word_1_283' title='bbox 494 2701 530 2741; x_wconf 89' lang='lat'>7.</span> <span class='ocrx_word' id='word_1_284' title='bbox 586 2700 718 2738; x_wconf 87' lang='lat' dir='ltr'>Eidem</span> <span class='ocrx_word' id='word_1_285' title='bbox 738 2713 828 2751; x_wconf 86' lang='lat' dir='ltr'>ergo</span> <span class='ocrx_word' id='word_1_286' title='bbox 840 2700 904 2751; x_wconf 87' lang='lat' dir='ltr'>jus</span> <span class='ocrx_word' id='word_1_287' title='bbox 923 2706 978 2738; x_wconf 82' lang='lat' dir='ltr'>est</span> <span class='ocrx_word' id='word_1_288' title='bbox 997 2702 1171 2738; x_wconf 88' lang='lat' dir='ltr'>omnibus</span> <span class='ocrx_word' id='word_1_289' title='bbox 1189 2702 1245 2738; x_wconf 83' lang='lat' dir='ltr'>uti</span> <span class='ocrx_word' id='word_1_290' title='bbox 1266 2701 1397 2738; x_wconf 89' lang='lat' dir='ltr'>mediis</span> <span class='ocrx_word' id='word_1_291' title='bbox 1423 2701 1471 2738; x_wconf 88' lang='lat' dir='ltr'>ad</span> <span class='ocrx_word' id='word_1_292' title='bbox 1490 2714 1578 2738; x_wconf 88' lang='lat' dir='ltr'>eum</span> <span class='ocrx_word' id='word_1_293' title='bbox 1600 2702 1715 2740; x_wconf 87' lang='lat' dir='ltr'>finem</span> <span class='ocrx_word' id='word_1_294' title='bbox 1733 2715 1861 2742; x_wconf 86' lang='lat' dir='ltr'>neces-</span> 
     </span>
     <span class='ocr_line' id='line_1_46' title="bbox 494 2761 1861 2813; baseline 0.004 -15"><span class='ocrx_word' id='word_1_295' title='bbox 494 2762 610 2806; x_wconf 87' lang='lat' dir='ltr'>sariis,</span> <span class='ocrx_word' id='word_1_296' title='bbox 637 2774 706 2810; x_wconf 90' lang='lat' dir='ltr'>per</span> <span class='ocrx_word' id='word_1_297' title='bbox 724 2762 808 2799; x_wconf 88' lang='lat' dir='ltr'>Art.</span> <span class='ocrx_word' id='word_1_298' title='bbox 828 2765 864 2800; x_wconf 89' lang='lat'>8.</span> <span class='ocrx_word' id='word_1_299' title='bbox 919 2761 1051 2799; x_wconf 89' lang='lat' dir='ltr'>Media</span> <span class='ocrx_word' id='word_1_300' title='bbox 1079 2767 1204 2799; x_wconf 85' lang='lat' dir='ltr'>autem</span> <span class='ocrx_word' id='word_1_301' title='bbox 1223 2763 1431 2799; x_wconf 77' lang='lat' dir='ltr'>necessaria</span> <span class='ocrx_word' id='word_1_302' title='bbox 1454 2767 1551 2807; x_wconf 90' lang='lat' dir='ltr'>sunt,</span> <span class='ocrx_word' id='word_1_303' title='bbox 1572 2775 1657 2811; x_wconf 88' lang='lat' dir='ltr'>quae</span> <span class='ocrx_word' id='word_1_304' title='bbox 1675 2764 1754 2813; x_wconf 89' lang='lat' dir='ltr'>ipse</span> <span class='ocrx_word' id='word_1_305' title='bbox 1772 2766 1861 2803; x_wconf 87' lang='lat' dir='ltr'>talia</span> 
     </span>
     <span class='ocr_line' id='line_1_47' title="bbox 494 2822 1861 2873; baseline 0.004 -14"><span class='ocrx_word' id='word_1_306' title='bbox 494 2835 573 2860; x_wconf 86' lang='lat' dir='ltr'>esse</span> <span class='ocrx_word' id='word_1_307' title='bbox 595 2822 794 2872; x_wconf 87' lang='lat' dir='ltr'>judicabit,</span> <span class='ocrx_word' id='word_1_308' title='bbox 815 2836 882 2872; x_wconf 87' lang='lat' dir='ltr'>per</span> <span class='ocrx_word' id='word_1_309' title='bbox 908 2824 993 2860; x_wconf 91' lang='lat' dir='ltr'>Art.</span> <span class='ocrx_word' id='word_1_310' title='bbox 1011 2827 1047 2861; x_wconf 91' lang='lat'>9.</span> <span class='ocrx_word' id='word_1_311' title='bbox 1104 2823 1238 2860; x_wconf 89' lang='lat' dir='ltr'>Eidem</span> <span class='ocrx_word' id='word_1_312' title='bbox 1269 2836 1358 2873; x_wconf 89' lang='lat' dir='ltr'>ergo</span> <span class='ocrx_word' id='word_1_313' title='bbox 1379 2823 1442 2873; x_wconf 89' lang='lat' dir='ltr'>jus</span> <span class='ocrx_word' id='word_1_314' title='bbox 1461 2829 1516 2860; x_wconf 88' lang='lat' dir='ltr'>est</span> <span class='ocrx_word' id='word_1_315' title='bbox 1534 2825 1661 2861; x_wconf 89' lang='lat' dir='ltr'>omnia</span> <span class='ocrx_word' id='word_1_316' title='bbox 1679 2825 1803 2864; x_wconf 89' lang='lat' dir='ltr'>facere</span> <span class='ocrx_word' id='word_1_317' title='bbox 1822 2833 1861 2864; x_wconf 91' lang='lat' dir='ltr'>et</span> 
     </span>
     <span class='ocr_line' id='line_1_48' title="bbox 490 2885 1860 2937; baseline 0.003 -16"><span class='ocrx_word' id='word_1_318' title='bbox 490 2885 690 2933; x_wconf 85' lang='lat' dir='ltr'>possidere,</span> <span class='ocrx_word' id='word_1_319' title='bbox 710 2897 794 2934; x_wconf 86' lang='lat' dir='ltr'>quae</span> <span class='ocrx_word' id='word_1_320' title='bbox 813 2886 892 2934; x_wconf 89' lang='lat' dir='ltr'>ipse</span> <span class='ocrx_word' id='word_1_321' title='bbox 915 2885 962 2922; x_wconf 83' lang='lat' dir='ltr'>ad</span> <span class='ocrx_word' id='word_1_322' title='bbox 980 2885 1037 2922; x_wconf 88' lang='lat' dir='ltr'>sui</span> <span class='ocrx_word' id='word_1_323' title='bbox 1058 2885 1380 2922; x_wconf 85' lang='lat' dir='ltr'>conservationem</span> <span class='ocrx_word' id='word_1_324' title='bbox 1399 2886 1608 2923; x_wconf 84' lang='lat' dir='ltr'>necessaria</span> <span class='ocrx_word' id='word_1_325' title='bbox 1622 2899 1700 2924; x_wconf 88' lang='lat' dir='ltr'>esse</span> <span class='ocrx_word' id='word_1_326' title='bbox 1712 2886 1860 2937; x_wconf 82' lang='lat' dir='ltr'>judica-</span> 
     </span>
    </p>
   </div>
  </div>
 </body>
</html>
