1968 3256
170 395 298 427 SECT.
320 396 370 428 11.

421 255 484 297 46
949 265 1020 298 nn
1047 265 1287 298 HOMINE.

425 375 852 439 intelliganturque
877 377 1054 440 objecti
1076 375 1271 424 termini
1296 375 1333 433 Ι,
1358 374 1398 422 Τ
1417 376 1580 438 jacere
1603 374 1651 422 in
1677 374 1721 423 A
1735 375 1794 423 V.

423 451 729 500 Videbuntur
766 468 881 515 ergo
920 453 971 500 in
1008 452 1178 500 eodem
1208 452 1331 509 loco,
1367 450 1418 497 in
1453 465 1547 512 quo
1570 449 1796 499 videntur

372 549 385 567 s
423 526 528 589 ipsa
545 526 590 574 A
615 535 665 575 et
687 527 731 574 V
759 534 942 591 puncta
980 527 1191 590 speculi:
1227 526 1340 574 inde
1378 524 1419 573 si
1457 531 1797 575 removeantur

423 617 587 650 rursus
610 603 662 650 in
692 602 951 659 infinitum,
975 601 1269 650 videbuntur
1298 600 1405 664 (per
1428 599 1796 650 antecedentem

396 678 823 742 propositionem)
853 686 902 726 et
924 679 1028 740 ipsa
1053 686 1102 725 et
1123 684 1282 725 totum
1306 677 1551 739 objectum
1575 676 1796 725 contrahi

424 760 473 800 et
492 769 776 802 evanescere
799 754 851 801 in
873 760 1110 816 punctum
1134 753 1199 800 H.
1271 751 1378 799 Erit
1401 767 1517 814 ergo
1552 751 1688 800 locus
1711 767 1796 815 ap*

422 844 598 891 parens
621 829 791 893 puncti
827 829 850 877 I
874 828 925 876 in
948 834 1082 875 recta
1106 828 1149 875 A
1170 827 1235 886 Η,
1261 834 1310 874 et
1337 826 1509 890 puncti
1531 826 1572 874 T
1594 826 1645 874 in
1667 827 1798 876 linea-

422 903 466 950 V
482 904 547 952 Hs
620 905 743 952 Sunt
777 910 940 951 autem
972 903 1080 950 loca
1115 901 1380 950 eorundem
1412 907 1706 964 punctorum
1743 903 1796 951 in

421 979 561 1027 lineis
595 980 692 1028 suis
714 978 974 1028 visualibus
998 979 1040 1026 G
1059 979 1120 1037 K,
1154 977 1267 1025 GY.
1338 977 1463 1024 Sunt
1497 993 1613 1041 ergo
1635 977 1687 1026 in
1720 977 1796 1026 in·-

420 1055 790 1103 tersectionibus
812 1063 925 1103 'cum
958 1054 1004 1101 A
1019 1054 1084 1113 H,
1110 1054 1159 1101 H
1175 1053 1234 1112 V,
1257 1068 1431 1114 nempe
1454 1053 1507 1101 in
1536 1053 1731 1116 punctis
1754 1053 1796 1102 L

420 1138 471 1178 et
488 1131 551 1178 X.
623 1132 826 1194 Propter
850 1130 1054 1178 eandem
1076 1129 1315 1177 rationem
1355 1135 1499 1177 erunt
1533 1128 1641 1176 loca
1674 1129 1795 1177 imae—

420 1205 588 1268 ginum
607 1213 901 1270 punctorum
923 1205 978 1253 M
1004 1212 1053 1252 et
1076 1205 1115 1252 E
1136 1204 1188 1251 in
1210 1204 1357 1252 rectis
1382 1203 1430 1251 H
1448 1203 1511 1262 N,
1536 1202 1585 1250 H
1606 1204 1673 1260 ῦς
1709 1203 1794 1252 sed

424 1289 538 1329 sunt
561 1281 732 1329 eadem
754 1282 862 1329 loca
883 1281 935 1328 in
957 1280 1220 1328 visualibus
1243 1279 1285 1328 G
1299 1280 1351 1339 P,
1373 1279 1415 1327 G
1428 1279 1471 1327 O
1491 1298 1503 1335 3
1540 1285 1654 1327 sunt
1677 1294 1793 1343 ergo

417 1355 468 1402 in
486 1356 908 1404 intersectionibus
933 1356 981 1404 Q
1004 1363 1052 1403 et
1076 1356 1134 1402 R.
1170 1356 1257 1402 Est
1275 1371 1391 1417 ergo
1417 1354 1642 1402 inventus
1658 1354 1793 1403 locus

419 1431 644 1494 imaginis
685 1432 863 1494 objecti
899 1431 922 1478 I
956 1431 1012 1489 E,
1043 1446 1217 1493 nempe
1257 1431 1296 1478 L
1313 1430 1433 1478 QR.
1509 1429 1656 1479 ‚Quod
1689 1436 1793 1478 erat

418 1505 695 1554 faciendum
739 1506 791 1553 in
837 1521 950 1553 casu
989 1506 1162 1568 primo.
1257 1504 1513 1553 Quomodo
1559 1511 1722 1552 autem
1763 1520 1793 1553 a

424 1589 607 1644 puncto
633 1580 747 1629 dato
771 1589 907 1628 recta
929 1580 1057 1627 linea
1078 1580 1150 1627 ita
1173 1579 1285 1627 duci
1306 1580 1473 1643 possit,
1496 1587 1554 1627 ut
1575 1579 1639 1628 ad
1661 1580 1792 1628 aliud

419 1664 656 1719 punctum
679 1657 959 1704 reflectatur
983 1655 1165 1714 datum,
1188 1655 1439 1717 problema
1470 1654 1678 1703 solidum
1701 1662 1790 1715 est,

419 1739 468 1780 et
491 1733 595 1780 fieri
634 1738 796 1796 potest
830 1747 921 1795 ope
950 1730 1245 1794 hyperbolae,
1270 1730 1356 1778 sed
1389 1730 1494 1792 ipsa
1527 1730 1792 1793 hyperbola

417 1825 517 1856 non
541 1809 602 1856 sit
628 1809 723 1856 nisi
745 1823 832 1870 per
853 1812 1051 1870 puncta,
1076 1805 1128 1852 id
1151 1812 1240 1864 est,
1264 1805 1559 1852 mechaniced

488 1883 729 1943 Secundo,
756 1883 819 1931 sit
842 1882 1088 1944 objectum
1110 1881 1133 1928 I
1150 1881 1182 1927 S
1207 1882 1278 1928 ita
1293 1893 1541 1944 magnum,
1565 1887 1621 1929 ut
1643 1896 1673 1928 a
1695 1887 1791 1928 ter-

416 1959 548 2006 mino
568 1960 671 2021 ejus
696 1959 746 2017 S,
766 1956 913 2005 ducta
929 1956 1274 2020 perpendiculo
1293 1957 1420 2004 oculi
1443 1957 1486 2004 G
1499 1957 1543 2004 D
1561 1955 1791 2019 parallelo
1816 2005 1819 2008 ,

408 2035 454 2091 ,S
475 2053 507 2080 α
526 2034 668 2082 cadat
691 2041 799 2082 tota
819 2040 958 2081 extra
981 2032 1162 2095 speculi
1185 2032 1502 2096 superficiem.
1570 2031 1790 2080 Ducatur

418 2111 478 2159 ab
505 2108 646 2158 oculo
671 2110 713 2157 G
734 2116 868 2158 recta
891 2109 934 2156 G
951 2128 982 2155 α
1001 2107 1288 2171 contingens
1312 2108 1559 2172 speculum
1572 2107 1624 2155 in
1645 2107 1699 2155 Z.
1737 2107 1788 2154 Si

418 2202 536 2249 ergo
583 2194 820 2249 punctum
862 2185 894 2233 S
924 2191 1186 2248 poneretur
1224 2185 1277 2232 in
1299 2202 1346 2244 α,
1370 2184 1615 2231 videretur
1646 2183 1699 2230 in
1733 2182 1786 2230 Z.

416 2262 546 2308 Dum
570 2277 686 2325 ergo
710 2277 874 2309 rursus
897 2267 1173 2309 removetur
1196 2274 1386 2309 sursum
1399 2274 1565 2308 versus
1584 2259 1633 2318 S,
1651 2258 1787 2306 locus

417 2338 520 2400 ejus
558 2336 809 2400 apparebit
847 2337 898 2383 in
934 2342 1069 2384 recta
1107 2336 1154 2382 H
1172 2337 1224 2383 Z.
1293 2335 1512 2399 Exempli
1551 2349 1709 2394 causa,
1745 2334 1787 2382 si

419 2417 655 2475 punctum
679 2411 856 2474 objecti
880 2411 942 2458 sit
963 2411 1013 2471 β,
1038 2412 1173 2474 cujus
1201 2410 1363 2458 radius
1385 2410 1420 2470 β
1435 2410 1460 2456 δ
1480 2410 1686 2458 reflexus
1723 2409 1786 2457 sit

417 2486 480 2534 ad
494 2486 684 2535 oculum
705 2483 757 2534 in
776 2487 831 2545 G,
852 2493 900 2533 et
916 2486 1156 2549 producto
1177 2486 1219 2534 G
1233 2486 1257 2532 δ
1279 2492 1410 2534 secet
1428 2485 1475 2532 H
1491 2485 1528 2532 Z
1551 2485 1603 2533 in
1626 2507 1671 2550 γ,
1692 2485 1786 2534 erit

423 2585 453 2627 γ
473 2563 610 2610 locus
633 2575 869 2625 apparens
892 2561 1063 2624 puncti
1085 2562 1136 2622 β.
1197 2562 1270 2610 Sit
1292 2574 1407 2624 ergo
1430 2561 1608 2623 objecti
1629 2574 1781 2623 punc·

419 2643 524 2684 tum
552 2638 603 2684 in
633 2637 737 2700 ipso
763 2636 795 2683 S
817 2656 829 2692 ς
866 2636 1012 2684 ducta
1040 2636 1285 2683 incidente
1311 2635 1342 2682 S
1359 2657 1389 2681 π
1409 2642 1457 2682 et
1478 2635 1659 2682 reflexa
1681 2636 1782 2699 eJus

416 2735 447 2758 π
463 2713 518 2770 G,
537 2712 776 2775 producta
799 2711 840 2759 G
856 2734 886 2758 π
910 2718 1040 2759 secet
1081 2711 1129 2758 H
1149 2712 1186 2758 Z
1223 2711 1274 2758 in
1296 2733 1339 2774 ρ,
1374 2709 1466 2757 erit
1497 2717 1733 2773 punctum
1754 2733 1781 2774 ρ

417 2787 551 2835 locus
575 2803 810 2850 apparens
846 2787 994 2850 ipsius
1032 2788 1079 2834 S.
1149 2784 1319 2848 Itaque
1350 2785 1483 2832 locus
1516 2783 1782 2849 imaginum

415 2878 503 2926 per
538 2863 848 2910 reflexionem
882 2878 911 2910 a
951 2862 1144 2925 speculo
1185 2876 1399 2910 convexo
1437 2861 1661 2909 inventus
1691 2868 1780 2911 est.

418 2938 563 2988 Quod
586 2946 690 2987 erat
712 2938 1025 3001 propositum.

1946 355 1953 364 4

1943 367 1950 376 a

1947 383 1956 395 x·
