1994 3276
475 258 571 300 406
1032 267 1272 300 RELIGIo.

221 402 348 434 SECT,
371 402 438 435 111,
541 381 620 423 26.
655 375 808 424 Actus
841 377 1122 425 retentionis
1149 383 1461 440 peccatorum
1483 376 1523 424 is
1547 383 1636 435 est,
1660 376 1742 439 qui
1757 392 1838 425 vo·-

306 454 353 483 17-
476 457 614 497 catur
630 451 690 498 ab
706 451 907 499 ecclesia
925 451 1366 509 excommunicatio,
1387 458 1436 499 et
1452 468 1482 498 a
1498 458 1663 499 sancto
1678 451 1840 510 Paulo,

198 546 402 575 Excommuni-
476 525 682 573 tradere
699 525 915 574 Satanoe.
985 527 1176 574 Nomen
1195 526 1698 574 excommunicationis
1714 526 1843 574 idem

197 590 434 670 ξζᾜξζῗξᾱῗω
475 617 649 648 sonans
668 601 797 664 quod
811 602 1144 665 ἀποσυνάγωγοι»
1163 602 1305 659 ποιεῖν,
1322 618 1349 648 e
1365 617 1628 666 synagoga
1645 601 1841 664 ejicere,

197 685 255 703 ¹¹⁰⁰
268 679 368 714 Pm‘·
475 683 686 724 tractum
723 675 914 724 videtur
948 692 977 723 a
1009 677 1116 738 lege
1153 676 1381 735 Mosaica,
1428 693 1522 739 qua
1566 692 1664 735 eos,
1699 676 1782 740 qui
1812 693 1844 726 a

475 751 723 799 sacerdote
763 752 941 814 leprosi
973 752 1178 814 judicati
1218 759 1346 810 sunt,
1372 759 1510 799 extra
1533 758 1692 799 castra
1714 767 1843 799 seor-

477 826 567 874 sim
600 827 777 874 habere
805 826 1094 888 imperatum
1129 833 1202 873 est
1240 827 1412 888 (Levit.
1437 827 1536 874 xiii.
1561 827 1666 889 46),
1690 826 1844 875 donec

473 917 636 949 rursus
661 901 923 949 sacerdotis
955 901 1138 964 judicio
1170 902 1353 960 mundi,
1392 908 1441 948 et
1481 902 1625 949 certis
1655 902 1842 961 ritibus,

473 977 601 1024 inter
624 993 742 1039 quos
777 983 880 1024 erat
916 977 1131 1039 corporis
1171 977 1364 1034 lavatio,
1400 977 1643 1039 purificati
1665 983 1842 1026 essent.

474 1052 816 1114 Progrediente
853 1051 965 1098 inde
1001 1059 1232 1114 tempore,
1269 1052 1451 1100 Judaeis
1487 1069 1590 1100 mos
1629 1059 1733 1100 erat
1763 1068 1845 1101 eos

472 1128 635 1183 etiam,
664 1127 745 1189 qui
767 1126 1037 1174 transibant
1060 1143 1089 1174 a
1120 1127 1402 1174 Gentilismo
1427 1127 1490 1174 ad
1522 1127 1845 1187 Judaismum,

471 1209 704 1264 tanquam
717 1201 1005 1260 immundos,
1013 1218 1111 1249 non
1126 1202 1355 1264 recipere,
1370 1203 1463 1250 nisi
1475 1203 1608 1266 prius
1624 1203 1816 1251 lavatos
1823 1222 1844 1258 ‚-

472 1283 521 1324 et
563 1276 897 1324 dissentientes
934 1293 963 1323 a
999 1277 1220 1324 doctrina
1253 1293 1540 1343 synagogae,
1581 1295 1845 1344 synagoga

471 1351 667 1413 ejz'cere.
737 1351 815 1397 Ad
840 1351 1202 1399 similitudinem
1223 1352 1366 1415 hujus
1397 1354 1517 1400 ritus
1540 1360 1845 1402 transeuntes

471 1425 533 1473 ad
558 1426 992 1483 Christianismum,
1019 1426 1118 1473 sive
1150 1427 1307 1474 Judaei
1343 1435 1503 1476 essent
1525 1429 1624 1478 sive
1647 1429 1844 1489 Gentes,

470 1517 569 1548 non
592 1500 684 1548 nisi
701 1516 789 1563 per
815 1500 1106 1564 baptismum
1123 1500 1174 1547 in
1190 1501 1447 1550 ecclesiam
1465 1504 1844 1567 recipiebantur;

472 1584 520 1623 et
543 1576 881 1624 dissentientes
921 1576 981 1623 ab
1018 1575 1248 1634 ecclesia,
1274 1579 1596 1626 communione
1622 1579 1846 1627 ecclesiae

469 1651 798 1714 privabantur.
857 1650 1005 1698 Tradi
1024 1658 1188 1699 autem
1209 1652 1400 1699 Satanae
1416 1652 1526 1700 ideo
1545 1653 1843 1713 dicebantur,

471 1727 583 1789 quia
623 1726 760 1790 quod
796 1733 933 1773 extra
972 1725 1231 1774 ecclesiam
1270 1734 1389 1785 erat,
1430 1727 1481 1774 id
1517 1743 1658 1776 omne
1695 1744 1845 1792 regno

472 1803 664 1850 Satanae
704 1802 1217 1865 comprehendebatur.
1286 1803 1415 1850 Finis
1443 1803 1719 1866 hujusmodi
1753 1803 1847 1851 dis-

470 1878 661 1941 ciplinae
707 1885 824 1937 erat,
876 1884 931 1925 ut
983 1877 1206 1925 destituti
1252 1877 1315 1925 ad
1358 1885 1550 1941 tempus
1596 1878 1754 1942 gratia
1797 1882 1848 1926 et

468 1953 732 2016 privilegiis
768 1952 993 2000 ecclesioe
1019 1952 1364 2015 spiritualibUS,
1387 1953 1754 2001 humiliarentur
1785 1953 1849 2001 ad

470 2029 689 2076 salutem.
758 2029 972 2075 Effectus
1003 2034 1184 2086 autem,
1210 2027 1371 2090 quoad
1393 2028 1642 2086 secularia,
1665 2028 1706 2076 is
1728 2035 1846 2082 erat,

468 2111 525 2151 ut
540 2103 977 2151 eacommanicatas
992 2118 1091 2150 non
1105 2102 1248 2150 modo
1265 2103 1485 2161 coetibus,
1506 2103 1604 2150 sive
1618 2102 1846 2161 ecclesiis,

472 2186 521 2226 et
563 2178 933 2242 participatione
983 2177 1322 2240 mysteriorum
1367 2177 1720 2240 prohiberetur,
1762 2178 1847 2226 sed

471 2261 703 2317 tanquam
738 2254 910 2302 noxius
951 2253 1256 2316 contagione,
1292 2253 1437 2300 etiam
1466 2255 1603 2316 pejor
1637 2254 1845 2312 ethnico,

471 2346 501 2377 a
519 2330 706 2378 caeteris
731 2329 1012 2377 Christianis
1037 2329 1237 2391 singulis
1259 2328 1522 2390 fugeretur.
1592 2329 1718 2376 Nam
1741 2344 1847 2376 cam

471 2405 680 2452 ethnicis
696 2404 998 2452 commisceri
1014 2403 1233 2467 permisit
1248 2403 1492 2465 apostolus
1514 2402 1533 2463 (
1542 2409 1560 2450 l
1581 2395 1695 2451 Cor:
1707 2419 1752 2450 v.
1771 2408 1844 2462 10,

477 2480 576 2541 11);
603 2497 706 2527 cam
729 2479 806 2526 liis
828 2496 888 2526 ne
912 2478 1068 2526 cibum
1083 2478 1277 2541 quidem
1300 2494 1397 2525 ana
1410 2494 1614 2526 sumere.
1683 2479 1846 2527 Quum

473 2570 590 2617 ergo
613 2554 724 2601 talis
757 2554 820 2601 sit
855 2553 1361 2601 excommunicationis
1385 2553 1598 2612 effectus,
1621 2553 1846 2601 manifes-

472 2636 577 2676 tum
616 2636 703 2687 est,
741 2628 897 2691 primo
931 2628 1056 2685 loco,
1094 2627 1342 2675 civitatem
1385 2627 1718 2675 Christianam
1751 2644 1845 2676 non

463 2719 619 2766 posse
643 2701 1062 2750 excommunicari.
1119 2702 1206 2749 Est
1229 2701 1356 2749 enim
1371 2702 1537 2749 civitas
1554 2701 1843 2760 Christiana,

472 2778 674 2825 ecclesia
697 2778 970 2825 Christiana
997 2777 1072 2838 (ut
1095 2783 1340 2824 ostensum
1359 2784 1434 2824 est
1464 2792 1607 2840 supra
1629 2784 1718 2824 art.
1738 2777 1843 2839 21),

475 2859 524 2899 et
548 2853 760 2915 ejusdem
779 2853 1083 2901 extensionis.
1153 2851 1387 2900 Ecclesia
1405 2858 1565 2900 autem
1580 2869 1845 2900 excommu-
