2020 3262
427 250 527 303 270
968 268 1272 304 IMPERIUM.

166 394 388 429 SECT,111,
425 373 599 421 vitium
652 382 727 423 est
770 378 1001 441 regentis,
1047 395 1148 427 non
1193 380 1478 443 regiminis:
1536 396 1636 429 non
1679 382 1807 430 enim

252 447 302 477 10.

181 493 370 515 s—-f—-a

425 448 644 497 Neronis
667 450 798 500 facta
831 454 1129 501 monarchioe
1171 462 1283 502 sunt
1323 455 1488 502 omnia
1519 456 1805 506 essentialia.

144 538 407 568 oivesinnocentes
424 524 589 573 Minus
611 532 775 575 tamen
800 543 926 591 saepe
951 529 1246 577 damnantur
1263 530 1392 577 cives
1415 530 1674 590 immerito,
1698 547 1808 595 reg-

142 582 241 610 minus
268 583 407 611 obnoxios

142 634 205 652 esse
231 626 328 662 poenis
351 627 406 654 snb
422 607 570 648 nante
593 601 798 661 homine,
825 619 970 666 quam
1001 604 1211 668 populo.
1282 605 1411 651 Nam
1439 609 1586 668 reges
1605 605 1808 654 saeviunt

141 668 310 703 monarcha,
319 678 406 706 quam
424 675 434 684 ·

142 711 198 739 sub
211 711 329 749 populo.

422 691 474 723 1n
510 692 591 724 eos
630 683 836 736 tantum,
863 678 945 740 qui
967 678 1044 725 vel
1068 679 1278 726 consiliis
1317 679 1669 742 intempestivis
1704 696 1808 728 mo-

420 751 545 811 lesti,
568 753 645 799 vel
667 754 827 801 verbis
852 754 1226 812 contumeliosis,
1245 754 1323 801 vel
1345 754 1595 802 voluntate
1618 754 1808 804 adversi

421 826 537 890 ipsis
552 828 664 875 solis
679 836 807 876 sunt.
844 829 1048 876 Faciunt
1063 836 1227 876 autem
1245 836 1300 876 ut
1313 830 1547 892 potentiae
1566 845 1807 890 excessus,

423 917 567 963 quem
583 902 762 950 habere
785 919 910 951 unus
930 903 1047 950 civis
1066 919 1212 966 supra
1234 903 1382 950 alium
1397 904 1566 966 possit,
1581 904 1806 954 innoxius

423 976 500 1024 sit.
569 977 740 1041 Itaque
773 978 974 1025 Nerone
997 978 1074 1026 vel
1102 978 1344 1043 Caligula
1367 979 1530 1042 aliquo
1555 987 1806 1043 regnante,

420 1052 523 1114 pati
561 1052 803 1100 immerito
842 1069 986 1101 nemo
1025 1060 1206 1116 potest,
1244 1053 1338 1101 nisi
1373 1054 1455 1117 qui
1492 1054 1585 1118 ipsi
1625 1055 1809 1118 cogniti

422 1133 551 1186 sunt,
575 1128 804 1176 nimirum
827 1129 989 1186 aulici,
1009 1129 1087 1176 vel
1110 1145 1311 1176 munere
1334 1130 1498 1192 aliquo
1523 1130 1773 1193 conspicui
1792 1151 1805 1186 ;

420 1217 579 1264 neque
603 1219 786 1262 omnes,
812 1204 898 1252 sed
920 1205 990 1251 illi
1013 1204 1117 1263 soli,
1139 1205 1311 1267 quibus
1330 1213 1404 1252 est
1422 1205 1554 1268 quod
1568 1206 1608 1253 is
1627 1206 1807 1254 habere

421 1278 583 1340 cupit3
618 1295 733 1326 nam
770 1280 853 1343 qui
893 1280 1084 1328 molesti
1119 1288 1205 1328 aut
1236 1281 1575 1328 contumeliosi
1605 1281 1656 1328 in
1694 1297 1806 1328 611111

420 1359 549 1411 sunt,
573 1354 748 1401 merito
785 1355 1083 1417 plectuntur.
1152 1356 1210 1402 In
1248 1355 1537 1403 monarchia
1573 1356 1739 1418 igitur,
1763 1356 1805 1404 is

421 1428 505 1490 qui
538 1428 691 1475 latere
714 1429 834 1487 vult,
862 1429 1209 1492 qualiscunque
1247 1430 1309 1477 sit
1333 1430 1416 1492 qui
1454 1437 1642 1493 regnat,
1667 1438 1807 1479 extra

418 1503 690 1565 periculum
713 1510 800 1551 est.
837 1504 1091 1551 Patiuntur
1115 1505 1245 1551 enim
1263 1505 1351 1551 soli
1366 1505 1623 1564 ambitiosi,
1639 1506 1806 1554 caeteri

419 1579 479 1625 ab
520 1578 709 1641 injuriis
744 1580 1075 1642 potentiorum
1112 1579 1453 1627 defenduntur.
1524 1580 1622 1628 Sed
1642 1581 1694 1628 in
1717 1581 1804 1629 do-

417 1653 684 1701 minatione
697 1654 948 1718 popalari
971 1661 1046 1702 tot
1068 1661 1275 1717 possunt
1298 1670 1402 1702 esse
1423 1655 1668 1714 NeroneS,
1684 1664 1805 1719 quot

419 1734 533 1776 sunt
556 1735 788 1776 oratores
812 1730 896 1792 qui
909 1729 1103 1794 populo
1127 1729 1416 1785 adulantur3
1452 1737 1645 1779 tantum
1675 1731 1804 1780 enim

416 1811 579 1867 potest
612 1805 944 1868 unusquisque
969 1821 1151 1863 eorum,
1173 1813 1409 1867 quantum
1432 1805 1535 1868 ipse
1549 1805 1772 1871 popalus
1786 1825 1804 1855 .·

417 1886 565 1942 atque
589 1879 640 1927 in
664 1879 1004 1927 subtrahendis
1019 1896 1048 1927 a
1070 1896 1217 1943 poena
1238 1880 1313 1938 iis,
1341 1881 1423 1943 qui
1445 1897 1533 1943 per
1554 1881 1804 1930 libidinem

416 1961 467 2002 et
490 1955 603 2003 odia
625 1955 819 2018 privata
836 1956 1060 2004 concives
1084 1956 1328 2004 immerito
1347 1957 1647 2016 occiderunt,
1667 1958 1804 2021 quasi

416 2027 572 2078 tacito'
587 2030 799 2093 quodam
821 2032 950 2079 inter
973 2048 1023 2079 se
1047 2039 1210 2095 pacto,
1231 2031 1378 2079 hodie
1396 2032 1530 2092 mihi,
1555 2048 1672 2080 cras
1696 2033 1803 2091 tibi,

417 2106 542 2153 alter
577 2106 776 2154 alterius
817 2107 1035 2170 cupidini
1075 2116 1246 2155 mutuo
1285 2107 1480 2155 cedunt.
1550 2108 1802 2166 Praeterea,

416 2181 651 2244 potentiae
673 2182 877 2244 privatae
913 2182 1149 2230 terminus
1174 2182 1372 2245 quidam
1391 2190 1479 2242 est,
1501 2183 1631 2230 ultra
1658 2198 1802 2246 quem

415 2257 602 2304 civitati
638 2257 911 2320 perniciosa
933 2258 1100 2306 futura
1128 2265 1216 2317 est,
1241 2266 1292 2306 et
1313 2265 1513 2322 propter
1536 2274 1681 2321 quam
1703 2275 1801 2306 mo-

413 2332 619 2380 narchis
660 2333 919 2396 aliquando
958 2334 1287 2381 necessarium
1323 2341 1398 2382 est
1435 2333 1706 2397 providere,
1737 2349 1800 2381 ne

415 2407 534 2469 quid
556 2408 669 2456 inde
692 2409 966 2472 respublica
984 2409 1144 2472 capiat
1159 2409 1453 2458 detrimenti.
1490 2408 1628 2456 Illam
1650 2407 1800 2471 igitur

413 2484 700 2546 potentiam,
726 2484 920 2547 quando
955 2485 1007 2532 in
1032 2484 1212 2533 divitiis
1250 2485 1343 2532 sita
1376 2490 1495 2543 erat,
1521 2482 1798 2531 divitiarum

416 2558 737 2607 diminutione
769 2560 1130 2615 diminuerunt3
1167 2561 1206 2608 si
1247 2559 1440 2623 quando
1463 2574 1578 2607 vero
1614 2558 1798 2606 consis-

413 2640 541 2682 teret
563 2635 615 2682 in
650 2651 768 2683 aura
795 2635 1059 2700 populari,
1083 2636 1243 2699 ipsum
1280 2640 1531 2698 potentem
1567 2633 1670 2680 sine
1701 2632 1797 2680 alio

413 2709 616 2757 crimine
662 2711 975 2758 sustulerunt.
1045 2711 1182 2758 Idem
1227 2710 1278 2757 in
1324 2708 1645 2756 democratiis
1690 2707 1797 2755 fieri

413 2785 550 2832 solet.
620 2784 749 2832 Nam
772 2786 1064 2833 ostracismo
1089 2784 1373 2833 exsulabant
1389 2788 1615 2845 potentes
1638 2782 1796 2830 Athe-

412 2858 606 2906 nienses
629 2860 732 2907 sine
757 2860 973 2918 crimine,
1007 2867 1208 2922 propter
1239 2857 1507 2924 potentiam
1531 2857 1711 2913 solam;
1748 2864 1796 2907 et
