1994 3256
428 253 482 296 14
943 262 1014 295 DE
1042 262 1283 299 HOMINE.

175 395 302 428 sacr,
322 396 372 429 Π,
415 373 566 436 jecto,
591 379 640 421 et
662 372 804 430 linea,
828 372 880 419 in
900 388 997 434 qua
1018 378 1240 420 movetur
1265 370 1515 434 quodlibet
1533 370 1636 432 ejus
1653 385 1804 432 punc-

255 447 285 477 2.

159 2197 314 2230 Quomodo
327 2196 358 2224 in

158 2241 267 2268 visione
280 2240 392 2277 objecta

159 2283 291 2321 longiora
303 2283 400 2311 viden-

159 2329 208 2353 tur
220 2336 308 2364 quam
327 2328 404 2353 sunt.

418 455 541 507 tum,
564 463 706 495 axem
729 447 947 511 opticum
970 454 1181 505 secante,
1204 447 1326 494 visio
1359 445 1493 493 nulla
1514 444 1621 492 fieri
1643 451 1805 507 potest

418 523 512 572 nisi
535 523 703 571 oculus
741 522 974 570 continuo
1017 537 1075 569 ea
1105 521 1353 568 celeritate
1384 526 1713 578 convertatur,
1748 525 1805 569 ut

417 605 605 646 motum
629 598 808 661 objecti
832 603 1157 660 consequatur
1178 617 1189 652 ;
1226 596 1296 644 ita
1318 603 1375 644 ut
1398 596 1500 643 axis
1535 594 1727 658 opticus
1749 595 1801 643 in

417 674 577 737 ipsum
616 673 800 720 incidat
822 672 1115 734 haereatque.
1187 671 1336 733 Cujus
1376 670 1447 718 rei
1482 685 1627 717 causa
1661 685 1721 717 ex
1744 685 1804 718 eo

420 748 677 796 manifesta
711 754 786 795 est
821 746 952 809 quod
991 761 1137 808 supra
1160 745 1427 803 docuimus,
1458 760 1634 807 nempe
1669 750 1808 806 extra

418 840 560 872 axem
601 823 820 886 opticum
860 837 1055 869 omnem
1078 820 1314 868 visionem
1347 836 1449 867 esse
1474 819 1727 867 confusam
1757 825 1807 867 et

421 899 643 956 debilem,
684 905 791 945 tum
831 903 1030 959 propter
1070 895 1273 942 actionis
1310 895 1662 957 obliquitatem,
1700 901 1806 942 tum

421 973 630 1021 maxime
653 980 855 1035 propter
872 971 1195 1018 intentionem
1214 970 1363 1017 animi
1383 986 1491 1032 quae
1515 986 1657 1018 axem
1679 970 1806 1033 opti·

421 1066 535 1097 cum
557 1063 746 1110 semper
781 1047 1056 1094 comitatur.
1128 1045 1299 1108 Itaque
1337 1045 1401 1092 ad
1441 1045 1709 1108 perfectam
1730 1061 1806 1093 re-

420 1140 531 1171 rum
570 1131 815 1171 motarum
851 1122 1103 1180 visionem,
1143 1127 1337 1184 oportet
1373 1136 1563 1183 semper
1585 1120 1807 1168 converti

422 1199 632 1257 oculum,
669 1198 930 1261 aliquando
956 1197 1119 1255 etiam,
1144 1197 1183 1244 si
1221 1197 1414 1259 obJecta
1445 1211 1598 1258 prope
1633 1195 1732 1243 sint
1757 1203 1814 1244 et.

423 1282 556 1322 mota
569 1274 814 1332 velociter,
834 1280 996 1321 totum
1021 1267 1182 1336 caput.
1254 1272 1351 1320 Sed
1373 1271 1437 1319 ad
1460 1272 1654 1334 objecta
1665 1270 1807 1318 valde

423 1359 626 1409 remota,
673 1351 765 1398 etsi
799 1349 1096 1397 velocissime
1132 1355 1281 1406 mota,
1339 1345 1680 1409 consequenda
1710 1345 1809 1394 exi-

421 1442 546 1489 guus
571 1425 699 1474 oculi
713 1433 875 1473 motus
901 1425 1077 1472 sufficit
1100 1430 1390 1487 3propterea
1413 1421 1545 1486 quod
1566 1415 1730 1469 rerum
1745 1421 1807 1468 ab

422 1502 564 1549 oculo
581 1501 727 1564 longe
747 1501 1031 1548 distantium
1048 1508 1227 1558 motus,
1255 1515 1434 1562 magno
1468 1497 1624 1561 spatio
1648 1504 1808 1544 trans-

421 1578 586 1635 misso,
612 1577 842 1639 exiguum
864 1582 1030 1623 tamen
1060 1575 1113 1622 in
1144 1574 1284 1622 oculo
1307 1574 1495 1622 faciunt
1518 1572 1768 1636 angulum.

488 1651 751 1700 Sciendum
773 1657 1010 1714 praeterea
1032 1657 1120 1708 est,
1155 1649 1288 1712 quod
1311 1665 1423 1696 cum
1446 1647 1604 1696 omnis
1628 1647 1807 1706 sensio,

419 1727 494 1789 (ut
538 1743 684 1791 supra
718 1726 970 1774 docuimus
1012 1741 1117 1787 cap.
1153 1724 1235 1771 De
1277 1723 1503 1787 Corpore
1543 1724 1699 1783 xxv.)
1739 1722 1805 1770 sit

422 1810 600 1861 motus,
617 1803 716 1865 qui,
736 1801 1190 1865 quantuluscunque
1209 1799 1289 1847 ille
1308 1799 1386 1857 sit,
1403 1798 1511 1846 tolli
1526 1797 1579 1845 in
1595 1797 1808 1845 instante

427 1894 529 1925 non
551 1878 720 1940 possit,
744 1877 1008 1939 imaginem
1044 1892 1153 1938 quae
1180 1881 1298 1922 nata
1321 1881 1395 1921 est
1418 1889 1478 1921 ex
1499 1873 1685 1921 visione
1707 1888 1808 1920 non

423 1954 589 2001 statim
611 1952 786 2015 perire,
812 1952 899 1999 sed
921 1951 985 1998 ad
1006 1950 1205 2014 aliquod
1227 1957 1419 2012 tempus
1444 1948 1619 1996 durare
1637 1947 1808 1995 eadem

426 2029 648 2076 claritate
674 2043 770 2090 qua
793 2027 932 2074 initio
954 2026 1063 2084 fuit,
1099 2025 1192 2073 etsi
1225 2024 1346 2071 illud
1373 2031 1566 2087 tempus
1594 2023 1808 2071 brevius·

428 2104 592 2151 culum
615 2103 696 2150 sit.

491 2185 535 2227 5.
571 2179 646 2225 Ex
668 2178 744 2224 his
764 2178 863 2240 jam
890 2176 1032 2224 reddi
1055 2176 1180 2223 ratio
1207 2182 1369 2238 potest
1404 2189 1552 2237 quare
1585 2171 1807 2220 minutis-

422 2254 544 2302 sima
566 2255 775 2316 objecta,
800 2259 935 2300 mota
965 2252 1294 2309 vehementer,
1318 2250 1541 2312 longiora
1571 2253 1808 2311 apparent

422 2330 577 2377 multo
614 2344 760 2391 quam
792 2333 934 2382 sunt3
971 2327 1023 2374 id
1046 2326 1177 2389 quod
1211 2326 1493 2388 contingere
1514 2323 1733 2370 videmus
1755 2323 1807 2370 in

422 2404 693 2453 scintillulis
719 2403 828 2450 foco
861 2402 1200 2460 emicantibus,
1238 2417 1346 2464 quae
1377 2400 1604 2448 videntur
1638 2397 1805 2456 oculis,

421 2497 521 2528 non
543 2487 600 2527 ut
621 2485 808 2543 puncta
828 2478 1066 2540 quaedam,
1088 2477 1213 2524 sicut
1231 2483 1360 2535 sunt,
1379 2475 1464 2523 sed
1481 2475 1642 2537 longae
1665 2473 1808 2521 lineae

421 2557 604 2620 ignitae.
675 2555 814 2603 Idem
838 2553 1019 2601 accidit
1052 2553 1103 2600 in
1126 2552 1282 2600 veloci
1304 2551 1635 2613 cujuscunque
1657 2548 1808 2595 lucidi

422 2631 501 2679 vel
539 2632 664 2678 bene
699 2629 959 2677 illuminati
990 2628 1172 2691 objecti
1211 2625 1655 2684 circumrotatione,
1693 2640 1805 2672 cum

422 2706 532 2754 loco
556 2705 727 2768 puncti
748 2704 969 2751 videmus
993 2703 1162 2750 circuli
1186 2699 1638 2750 circumferentiam.
1674 2700 1803 2747 Nam

425 2781 467 2829 si
489 2781 669 2843 imago,
696 2787 934 2842 concepta
956 2795 1016 2826 ex
1039 2785 1222 2841 puncto
1254 2777 1357 2825 viso
1390 2772 1603 2823 in'initio
1627 2783 1805 2834 motus,

426 2856 663 2919 perduret
701 2854 856 2901 donec
889 2854 1061 2916 plenus
1095 2860 1232 2900 motu
1266 2853 1369 2914 ejus
1402 2850 1681 2914 perficiatur
1715 2850 1808 2897 cir-
