2020 3262
393 272 464 306 DE
489 270 691 306 TRIBUS
719 269 1030 304 CIVITATUM
1059 269 1381 304 SPECIEBUS.
1485 263 1583 305 243

166 385 276 449 ‘qui
299 400 425 434 unus
440 393 618 434 natura
639 391 729 444 est,
753 398 944 446 semper
957 382 1010 430 in
1026 382 1248 446 potentia
1264 382 1488 445 proxima
1510 391 1586 432 est
1626 406 1754 438 SECT.
1776 406 1845 438 111.

188 460 255 509 ad
277 467 416 510 actus
439 461 631 525 imperii
654 458 970 509 exercendos.
1640 457 1831 526 ,ΖΓ-Ι

261 543 338 586 14.
375 538 621 587 Quoniam
646 543 899 585 ostensum
931 540 1007 581 est
1030 548 1193 596 supra,
1219 531 1458 594 (articulis
1482 548 1583 581 vn.
1604 547 1870 598 Qupdgenuspea

190 626 271 660 lx.
306 613 434 676 xn.)
475 628 560 661 eos
600 612 687 676 qui
723 625 954 658 summam
990 609 1043 657 in
1083 608 1283 656 civitate
1325 609 1584 672 imperium
1602 595 1856 668 ξῖξζίζζξῗοζξζῐι

185 687 355 753 adepti
372 695 502 748 sunt,
519 688 665 737 nullis
683 687 911 751 cuiquam
933 685 1092 749 pactis
1111 684 1338 748 obligari3
1364 684 1585 747 sequitur
1603 679 1720 715 q¹¹³¹¹⁴¹⁰
1746 678 1851 707 ΜΨ*

1602 721 1742 749 adversus
1765 722 1852 755 cives,

185 764 386 814 eosdem
408 764 594 812 nullam
617 762 801 811 civibus
819 777 963 825 posse
986 760 1148 808 facere
1173 759 1429 823 injuriam.
1500 760 1585 807 In-
1601 764 1858 836 {fissssssssssssaffiegg-

168 840 341 904 juria·
357 840 503 900 enim,
526 855 615 904 per
639 838 974 887 definitionem
996 853 1144 900 supra
1165 836 1364 884 allatam
1401 836 1585 900 (capite
1601 851 1669 879 ficio
1705 860 1760 879 suo
1790 860 1850 879 non

186 916 350 976 tertio,
359 916 566 964 articulo
581 913 902 977 tertio),nihil
920 913 1055 961 aliud
1071 919 1146 961 est
1165 928 1311 976 quam
1327 918 1586 975 pactorum
1602 894 1773 933 ‘unguntur'

186 990 414 1048 violati03
449 991 658 1054 ideoque
696 990 782 1038 ubi
820 989 958 1038 nulla
990 996 1136 1053 pacta
1173 987 1479 1052 praecedunt,
1517 988 1586 1035 ibi

185 1066 323 1114 nulla
351 1066 489 1130 sequi
506 1073 669 1130 potest
696 1065 902 1128 injuria.
974 1065 1142 1113 Potest
1163 1071 1330 1112 tamen
1352 1071 1403 1112 et
1418 1080 1586 1128 popu-

184 1139 282 1201 lus,
307 1148 359 1190 et
382 1141 528 1190 curia
553 1141 862 1206 optimatum,
877 1145 929 1187 et
951 1138 1222 1187 monarcha
1244 1138 1413 1187 multis
1427 1138 1587 1187 modis

189 1227 398 1281 peccare
430 1224 604 1266 contra
617 1227 822 1265 caeteras
840 1215 975 1279 leges
993 1215 1261 1274 naturales,
1285 1223 1343 1263 ut
1366 1214 1587 1263 ereduli-

162 1350 165 1354 ,
185 1299 310 1351 tate,
334 1293 621 1358 iniquitate,
645 1291 962 1351 contumelia,
978 1292 1182 1356 aliisque
1197 1292 1345 1351 vitiis,
1371 1308 1481 1355 quae
1496 1292 1586 1339 sub

182 1368 278 1418 hac
314 1369 487 1418 stricta
514 1376 565 1417 et
601 1375 835 1416 accurata
867 1367 1070 1431 injariae
1093 1367 1454 1431 significatione
1485 1383 1587 1415 non

181 1445 403 1495 veniunt.
479 1444 726 1494 Caeterum
766 1444 902 1502 civis,
943 1445 986 1493 si
1026 1444 1356 1493 obedientiam
1397 1459 1586 1505 summo

182 1521 391 1586 imperio
442 1538 544 1570 non
594 1521 898 1586 praestiterit,
941 1520 1159 1582 injurias
1199 1527 1249 1568 et
1293 1519 1346 1567 in
1381 1526 1587 1568 caeteros

155 1592 408 1649 ,concives
449 1614 620 1646 omnes
660 1597 809 1645 etiam
854 1596 1054 1660 proprie
1084 1595 1332 1659 loquendo
1365 1595 1586 1651 dicetur3

165 1681 447 1737 ,propterea
463 1673 599 1738 quod
620 1673 955 1737 unusquisque
974 1689 1086 1720 cum
1101 1688 1401 1736 unoquoque
1414 1679 1588 1736 pactus

184 1757 262 1796 est
296 1749 625 1798 obedientiam
648 1756 900 1812 praestare,
937 1756 1084 1811 atque
1109 1748 1256 1796 etiam
1279 1748 1332 1795 in
1355 1764 1586 1795 summum

184 1823 512 1889 imperantem
527 1843 547 1880 ;
580 1824 714 1888 quod
726 1826 822 1888 jus,
847 1824 980 1887 quod
998 1824 1043 1871 ei
1059 1824 1312 1883 dederant,
1337 1824 1442 1871 sine
1469 1840 1586 1872 con-

183 1916 330 1949 sensu
367 1902 473 1965 ejus
509 1907 782 1948 resumunt.
851 1901 917 1948 Et
948 1900 1001 1948 in
1032 1900 1227 1965 populo
1261 1900 1476 1964 quidem,
1508 1900 1587 1948 vel

183 1976 332 2025 curia
365 1976 674 2042 optimatum,
698 1976 739 2024 si
776 1976 895 2040 quid
925 1976 1178 2024 decretum
1209 1976 1273 2023 sit
1310 1984 1484 2024 contra
1515 1975 1586 2023 le-

178 2069 297 2117 gem
319 2052 535 2116 aliquam
567 2051 866 2111 naturalem,
904 2068 1006 2100 non
1040 2059 1216 2115 peccat
1255 2052 1362 2116 ipsa
1398 2052 1586 2112 civitas,

181 2128 278 2176 hoc
301 2135 392 2187 est,
415 2144 627 2192 persona
661 2127 832 2187 civilis,
858 2127 946 2176 sed
983 2128 1114 2176 cives
1139 2128 1227 2188 illi,
1254 2144 1466 2192 quorum
1489 2129 1588 2176 suf-

181 2203 351 2268 fragiis
375 2203 632 2252 decretum
655 2210 746 2252 est.
816 2203 1083 2252 Peccatum
1103 2204 1235 2252 enim
1260 2205 1481 2268 sequitur
1502 2222 1589 2254 vo-

182 2279 428 2328 luntatem
464 2278 741 2326 naturalem
779 2287 831 2327 et
868 2295 1166 2343 expressam,
1190 2296 1292 2328 non
1319 2280 1587 2344 politicam,

184 2371 296 2420 quae
326 2354 596 2403 artificiosa
633 2362 739 2409 est3
777 2354 894 2418 quia
933 2355 973 2403 si
1016 2354 1114 2403 hoc
1157 2362 1302 2415 esset,
1325 2364 1590 2419 peccarent

182 2440 235 2482 et
272 2432 344 2480 illi
382 2431 558 2495 quibus
588 2431 841 2479 decretum
865 2431 1127 2495 displicuit.
1198 2433 1258 2480 In
1295 2433 1589 2481 monarchia

183 2515 370 2568 autem,
402 2507 674 2556 monarcha
700 2508 741 2556 si
778 2507 903 2571 quid
941 2507 1217 2557 decreverit
1253 2516 1427 2557 contra
1455 2509 1589 2572 leges

181 2584 446 2643 naturaleS,
463 2583 568 2647 ipse
591 2591 765 2647 peccat
787 2603 797 2631 :
835 2583 951 2648 quia
972 2583 1024 2631 in
1054 2583 1161 2648 ipso
1181 2584 1408 2632 voluntas
1432 2584 1587 2633 civilis

183 2660 356 2710 eadem
379 2667 454 2709 est
471 2676 585 2708 cum
602 2660 831 2708 naturali.

254 2743 331 2786 15.
367 2736 582 2800 Populus
607 2736 692 2799 qui
716 2735 1033 2784 monarcham
1060 2735 1281 2783 facturus
1312 2742 1401 2794 est,
1420 2743 1586 2799 potest
1602 2750 1875 2803 Monarchachtu?

182 2813 230 2862 ei
265 2828 511 2861 summum
541 2812 801 2876 imperium
830 2810 1041 2870 tradere,
1068 2811 1145 2859 vel
1169 2811 1458 2876 simpliciter
1481 2812 1584 2861 sine
1603 2796 1877 2877 3323?ssssoessss

183 2889 419 2954 temporis
464 2889 773 2948 limitatione,
815 2888 894 2937 vel
940 2904 1031 2954 pro
1079 2896 1302 2953 tempore
1350 2896 1487 2938 certo
1535 2897 1587 2938 et
1604 2891 1801 2965 {ffijfig’gssfn
1828 2893 1874 2912 ³¹¹·

1350 2982 1383 3014 R
1400 2984 1421 3015 2
