2020 3262
473 250 625 289 QUOD
653 249 762 283 LEx
789 249 1123 294 NATURALIS,
1146 251 1262 285 ETC.
1468 242 1565 294 207

174 375 349 408 amaro
372 367 489 408 sunt
511 360 689 408 animo.
759 358 953 407 Bibant
976 366 1027 406 et
1045 359 1406 408 obliviscantur
1424 379 1567 426 eges-
1610 391 1737 424 SECT·
1758 392 1826 424 ΠΙ,

175 436 302 484 tatis
325 451 440 496 suoe,
465 443 517 484 ct
540 435 732 484 doloris
755 427 835 483 sui
858 452 954 483 non
977 435 1309 483 recordentur
1333 438 1566 501 amplius.
1697 444 1727 473 4·

173 511 361 560 Eadem
377 512 567 560 ratione
586 512 638 559 in
655 511 962 575 prohibenda
979 511 1217 559 ebrietate
1231 511 1388 559 utitur
1405 513 1569 562 Chris-

172 594 269 647 tus,
294 589 441 636 Lucae
478 604 584 651 cap.
608 587 708 635 xxi.
751 593 812 635 34
836 605 847 634 ε
895 586 1162 635 Attendite
1202 594 1366 634 autem
1405 588 1560 648 vobis,

174 680 236 712 ne
255 663 411 727 forte
445 669 726 731 graventur
763 663 922 711 corda
959 669 1130 711 vestra
1171 662 1223 711 in
1265 663 1483 727 crapula
1519 671 1570 711 et

172 738 435 787 ebrietate.

240 820 321 864 20.
348 815 497 864 Quod
512 815 722 863 diximus
740 815 990 878 superiore
1006 815 1183 878 capite,
1200 815 1360 878 legem
1373 821 1570 863 naturae
1589 838 1674 873 mm,
1688 843 1822 876 respectu

172 906 279 939 esse
294 897 545 950 aeternam,
563 891 802 954 probatur
817 907 877 938 ex
892 891 1074 939 Matth.
1089 907 1136 939 v.
1165 896 1221 938 18
1239 909 1251 938 z
1275 890 1436 939 Amen
1456 891 1569 939 dico
1587 882 1651 919 ‘³³⁸⁸
1665 883 1743 920 ‘¹¹¹0d
1757 883 1813 910 ‘¹³⁰‘

1587 928 1650 953 tum
1664 928 1717 959 est,
1725 925 1818 962 legem

173 966 328 1027 vobio,
355 966 510 1015 donec
534 973 765 1014 transeat
791 966 964 1014 coelum
1005 972 1057 1014 et
1097 972 1257 1025 terra,
1283 965 1389 1014 iota
1424 983 1569 1014 unum
1587 972 1800 1041 {3ss¹2}meoe

174 1049 265 1091 aut
287 1059 422 1107 apex
445 1058 570 1089 unus
594 1058 688 1090 non
715 1041 1017 1107 praeteribit
1044 1059 1077 1089 a
1101 1041 1233 1107 lege.
1303 1042 1368 1089 Et
1391 1042 1567 1091 Psalm.

173 1117 335 1166 cxviii.
360 1122 474 1166 160:
500 1117 564 1164 In
584 1124 822 1165 oeternum
836 1117 998 1164 omnia
1004 1117 1211 1180 judicia
1213 1117 1436 1180 justitiae
1453 1124 1566 1167 tuoe.

241 1199 323 1242 21.
352 1192 576 1241 Diximus
611 1209 819 1256 quoque,
855 1200 1045 1241 naturae
1076 1193 1210 1256 leges
1233 1193 1480 1257 pertinere
1505 1195 1569 1242 ad
1586 1217 1669 1251 nem,
1681 1217 1759 1255 leges
1773 1227 1820 1246 nar

173 1267 530 1319 conscientiam
544 1286 563 1323 ;
587 1268 682 1316 hoc
701 1274 790 1327 est,
798 1268 993 1330 justum
1013 1284 1123 1316 esse
1138 1268 1223 1332 qui
1237 1269 1371 1316 omni
1386 1277 1569 1317 conatu
1585 1262 1851 1334 ζᾞΐζιξῖζξζξζῗῃ,

173 1359 256 1392 eas
297 1343 500 1407 implere
544 1343 733 1391 nititur.
803 1344 869 1392 Et
910 1360 1206 1407 quamquam
1248 1345 1356 1408 quis
1398 1362 1567 1394 omnes

172 1420 392 1469 actiones
427 1419 600 1468 fecerit
644 1420 783 1480 tales,
822 1420 955 1483 quod
989 1421 1169 1468 attinet
1209 1421 1274 1469 ad
1314 1429 1569 1470 externam

173 1495 519 1555 obedientiam,
556 1496 723 1560 quales
757 1496 837 1544 lex
863 1496 1022 1560 jubet,
1053 1496 1140 1544 sed
1170 1513 1270 1545 non
1308 1497 1370 1545 ob
1407 1497 1567 1561 legem

173 1572 345 1636 ipsam,
371 1572 460 1621 sed
498 1580 701 1636 propter
735 1588 936 1635 poenam
972 1572 1273 1636 adjunctam,
1297 1573 1375 1621 vel
1397 1574 1568 1637 gloriae

172 1665 348 1704 causa3
385 1656 552 1697 tamen
577 1664 689 1696 eum
717 1648 953 1711 injustum
977 1664 1096 1696 esse.
1151 1649 1430 1713 Utrumque
1451 1667 1568 1698 con-

172 1725 398 1772 firmatur
438 1724 703 1788 Scripturis
745 1724 910 1772 sacris.
981 1724 1212 1784 Primum,
1254 1726 1364 1773 lsai.
1402 1726 1466 1775 lv.
1505 1730 1566 1781 7:

176 1799 519 1864 Derelinquat
559 1800 741 1864 impius
786 1801 916 1848 viam
956 1817 1111 1861 suam,
1155 1808 1206 1850 et
1249 1802 1329 1850 vir
1369 1802 1568 1868 iniquus

176 1875 513 1940 cogitationes
554 1891 689 1932 suae,
713 1882 764 1923 et
797 1882 1086 1924 revertatur
1124 1877 1197 1925 ad
1215 1876 1493 1937 Dominum,
1519 1885 1569 1926 et

175 1949 494 1999 miserebitur
531 1951 654 2014 ejuS.
722 1951 900 1999 Ezeeh.
938 1952 1072 2000 xviii.
1115 1958 1209 2001 31:
1246 1952 1496 2017 Projicite
1536 1971 1569 2002 a

175 2025 314 2074 vobis
355 2042 519 2074 omne-s·
549 2026 1008 2091 proevaricationes
1044 2035 1257 2088 vestras,
1299 2029 1351 2076 in
1390 2029 1570 2094 quibus

167 2102 510 2167 proevaricati
548 2102 687 2161 estio,
713 2109 763 2150 et
780 2102 959 2166 facite
994 2103 1131 2152 vobis
1164 2121 1252 2153 cor
1275 2121 1446 2153 novum
1465 2124 1482 2153 .·
1518 2112 1569 2154 et

176 2194 336 2243 quare
372 2178 664 2236 moriemini,
703 2178 874 2226 domus
911 2178 1126 2229 Israel?
1193 2182 1268 2229 Ex
1306 2181 1481 2244 quibus
1518 2191 1569 2230 et

176 2254 412 2303 similibus
435 2254 557 2302 locis
578 2255 696 2302 satis
726 2255 935 2318 intelligi
957 2262 1135 2319 potest,
1161 2273 1262 2305 non
1280 2258 1569 2321 puniturum

176 2331 337 2379 Deum
349 2330 482 2378 facta
505 2347 690 2390 eorum,
717 2346 923 2394 quorum
939 2347 1026 2380 cor
1048 2340 1239 2381 rectum
1255 2340 1344 2381 est.
1382 2332 1569 2382 Secun-

179 2405 315 2466 dum,
341 2423 402 2455 ex
426 2407 536 2455 Isai.
563 2407 694 2455 xxix.
730 2412 805 2466 13,
837 2414 893 2455 14
918 2427 928 2454 ε
965 2408 1041 2456 Et
1074 2409 1207 2457 dixit
1229 2409 1486 2470 Dominus,
1511 2427 1569 2458 eo

176 2482 315 2546 quod
333 2482 715 2548 appropinquat
728 2482 952 2547 populus
976 2483 1073 2532 iste
1101 2501 1189 2533 ore
1212 2501 1316 2544 suo,
1342 2492 1392 2533 et
1415 2485 1569 2534 labiis

174 2557 440 2622 glorificat
458 2575 546 2617 me,
573 2574 660 2606 cor
675 2565 839 2606 autem
858 2560 965 2622 ejus
982 2559 1131 2625 longe
1148 2567 1226 2608 est
1249 2578 1282 2608 a
1306 2578 1380 2609 me
1398 2580 1418 2616 ;
1454 2562 1568 2611 ideo

179 2649 295 2681 ecce
316 2650 412 2699 ego
437 2634 638 2694 addam,
672 2640 766 2682 etc.
836 2634 1018 2683 Matth.
1056 2652 1101 2683 v.
1142 2642 1239 2685 20:
1276 2636 1409 2685 Dico
1441 2638 1568 2687 enim

178 2708 333 2769 vobis,
357 2709 458 2758 nisi
483 2709 814 2758 abundaverit
836 2710 1050 2773 justitia
1073 2718 1245 2760 vestra
1271 2712 1396 2777 plus
1419 2730 1568 2778 quam

181 2783 474 2835 Scribarum
497 2793 548 2834 et
561 2786 953 2846 Pharisaeorum,
973 2804 1068 2835 non
1093 2788 1354 2838 intrabitis
1371 2789 1421 2838 in
1445 2806 1565 2857 reg-

182 2877 296 2908 num
319 2860 568 2910 coelorum.
604 2863 669 2910 Et
691 2862 742 2909 in
766 2863 1081 2926 sequentibus
1099 2864 1313 2928 explicat
1337 2866 1567 2916 Servator

180 2943 347 2985 noster
377 2937 609 2987 mandata
638 2938 731 2986 Dei
766 2938 952 2998 violari,
978 2955 1076 2989 non
1113 2940 1254 2990 factis
1291 2943 1455 3003 modo,
1480 2944 1566 2992 sed
