2020 3262
465 269 537 303 DE
576 269 813 311 OFF1c11s
841 267 1258 304 IMPERANTIUM.
1482 257 1576 301 305

181 386 443 444 propterea
466 385 600 447 quod
635 385 759 434 alter
794 389 935 447 parta
966 397 1054 445 per
1087 380 1437 444 parsimoniam
1460 397 1578 429 con-
1620 399 1748 431 sacr.
1768 398 1838 432 111.

180 465 357 516 servat,
380 459 506 508 alter
541 477 629 524 per
660 459 902 508 luxuriam
937 457 1155 520 dissipat,
1192 456 1401 520 ideoque
1433 457 1579 504 bene·
1711 451 1764 482 ¹3·
1818 496 1826 507 ,
1856 490 1858 492 ψ

179 532 293 582 ficio
316 535 452 598 pacis
486 536 740 600 aequaliter
776 534 1045 600 gaudentes
1069 532 1280 581 civitatis
1304 548 1455 580 onera
1477 549 1579 581 non

180 609 435 674 aequaliter
452 612 692 660 sustinere
712 631 725 660 ε
761 619 811 660 et
833 627 894 660 ex
908 610 1063 659 altera
1075 616 1232 674 parte,
1251 608 1338 656 ubi
1359 623 1438 655 res
1460 608 1579 672 ipsae

180 691 428 747 taxantur,
451 687 522 736 ibi
543 687 893 752 unusquisque,
918 686 1036 735 dum
1059 701 1165 734 rem
1186 684 1428 749 privatam
1461 700 1578 731 con-

181 762 347 820 sumit,
362 771 572 827 ‘partem
600 764 789 813 civitati
826 763 1041 812 debitam
1079 778 1170 827 pro
1194 760 1385 810 ratione
1410 776 1579 808 eorum

179 854 281 887 non
305 855 414 903 quae
450 840 615 901 habet,
640 841 725 889 sed
759 857 869 904 quae
892 839 1129 888 beneficio
1154 837 1366 886 civitatis
1389 836 1579 895 habuit,

179 929 238 963 eo
271 907 379 979 ipso
415 917 547 980 quod
587 933 675 965 sua
708 916 968 975 consumit,
992 912 1447 979 imperceptibiliter
1468 928 1580 976 per-

179 991 357 1039 solvit:
409 992 612 1040 dubium
657 992 864 1056 amplius
898 1008 1002 1040 non
1042 998 1116 1039 est
1161 990 1280 1054 quin
1323 989 1460 1052 prior
1498 989 1580 1037 ille

179 1067 352 1116 modus
397 1069 630 1134 pecunias
675 1068 949 1132 imperandi
985 1075 1157 1116 contra
1191 1066 1487 1130 aequitatem,
1532 1071 1582 1112 et

178 1145 385 1208 proinde
405 1153 578 1194 contra
600 1146 814 1194 officium
837 1144 1185 1209 imperantium
1210 1144 1302 1199 sit3
1338 1141 1582 1206 posterior

179 1228 344 1270 autem
363 1222 548 1270 'rationi
571 1229 622 1270 et
646 1222 806 1270 officio
832 1238 1002 1270 eorum
1026 1227 1398 1270 consentaneus.

252 1304 326 1346 12.
361 1298 546 1358 Tertio,
573 1298 767 1347 officere
785 1299 897 1363 paci
914 1298 1126 1362 publicae
1151 1296 1362 1345 diximus
1381 1295 1582 1359 aegritu-
1599 1294 1829 1367 ffislffiffldm

179 1373 344 1422 dinem
367 1374 535 1435 animi,
556 1391 667 1439 quae
690 1375 849 1424 oritur
872 1391 933 1423 ex
957 1374 1238 1422 ambitione.
1300 1373 1427 1420 Sunt
1451 1370 1583 1419 enim
1600 1382 1772 1433 qon<1ucere‚
1785 1382 1857 1410 sedi-

179 1449 278 1514 qui,
303 1467 417 1498 cum
440 1450 533 1499 sibi
553 1466 660 1514 prae
690 1451 881 1500 caeteris
919 1466 1088 1515 sapere
1126 1458 1177 1498 et
1208 1449 1365 1512 magis
1398 1447 1463 1496 ad
1503 1463 1582 1495 res
1600 1429 1846 1464 ²¹⁰S⁰SP¹²mer⁹²

177 1526 418 1591 gerendas
449 1526 616 1575 idonei
651 1527 927 1587 videantur,
954 1543 1102 1591 quam
1138 1527 1174 1574 ii
1209 1526 1294 1590 qui
1315 1524 1582 1588 rempubli-

178 1603 353 1652 camin
369 1603 632 1668 praesentia
649 1604 997 1652 administrant
1013 1625 1025 1660 3
1061 1603 1218 1651 virtus
1237 1618 1326 1650 sua
1345 1607 1583 1664 quantum

178 1679 368 1728 civitati
380 1679 615 1744 prodesse
634 1688 800 1744 queat,
823 1679 1020 1743 quando
1040 1680 1183 1727 aliter
1208 1677 1467 1727 ostendere
1480 1693 1582 1725 non

177 1763 400 1819 possunt,
425 1755 694 1804 ostendunt
711 1756 951 1805 nocendo.
1025 1755 1271 1805 Quoniam
1289 1761 1454 1803 autem
1474 1754 1583 1802 tolli

178 1847 239 1880 ex
269 1832 444 1880 animis
480 1833 736 1882 hominum
768 1833 971 1881 ambitio
1010 1839 1060 1880 et
1095 1833 1339 1881 honorum
1373 1831 1581 1879 aviditas

178 1925 281 1957 non
303 1916 486 1974 potest,
516 1910 662 1959 officii
683 1910 1035 1974 imperantium
1057 1925 1158 1958 non
1182 1916 1256 1957 est
1278 1916 1336 1956 ut
1360 1908 1412 1955 in
1434 1907 1487 1955 id
1507 1907 1582 1954 in-

179 1986 429 2035 cumbant.
500 1986 712 2035 Possunt
735 1994 901 2035 autem
919 1986 1234 2051 praemiorum
1253 1993 1308 2033 et‘
1321 1999 1581 2049 poenarum

178 2063 429 2112 constanti
475 2063 802 2128 applicatione
847 2063 1025 2123 facere,
1064 2070 1120 2110 ut
1160 2062 1383 2110 homines
1424 2060 1582 2108 sciant

175 2139 306 2188 viam
331 2139 395 2188 ad
416 2139 628 2188 honores
651 2156 753 2188 non
778 2156 882 2189 esse
904 2156 994 2204 per
1015 2139 1428 2203 vituperationem
1451 2136 1581 2199 regi-

176 2215 323 2263 minis
344 2216 620 2280 praesentiS,
655 2233 818 2282 neque
840 2233 929 2281 per
951 2217 1191 2265 factiones
1216 2223 1266 2263 et
1290 2231 1460 2263 auram
1494 2229 1581 2277 po-

175 2292 398 2356 pularem
418 2315 430 2350 ;
468 2293 556 2342 sed
590 2310 680 2357 per
718 2294 978 2343 contraria.
1049 2293 1157 2341 Viri
1197 2292 1315 2341 boni
1340 2298 1468 2350 sunt,
1497 2289 1581 2353 qui

177 2369 401 2418 consulta
421 2377 635 2434 patrum,
662 2371 746 2434 qui
768 2371 902 2435 leges
938 2371 1148 2434 juraque
1188 2376 1398 2417 servant.
1471 2367 1579 2414 Hos

177 2445 218 2494 si
239 2445 507 2494 honoribus
533 2446 715 2506 ornari,
739 2446 970 2495 factiosos
991 2462 1109 2495 vero
1147 2446 1208 2494 ab
1238 2445 1313 2504 iis,
1341 2445 1424 2508 qui
1449 2459 1579 2491 sum-

176 2538 258 2571 ma
271 2522 477 2587 imperia
488 2523 849 2583 administrant,
863 2523 1029 2587 puniri
1043 2530 1094 2570 et
1108 2521 1378 2570 contemtui
1392 2519 1578 2578 haberi,

178 2599 424 2648 constanti
445 2606 617 2647 tenore
640 2599 932 2659 videremus,
950 2599 1156 2663 parendi
1180 2614 1326 2662 quam
1351 2596 1580 2645 obstandi

178 2676 335 2739 major
358 2676 561 2724 ambitio
582 2684 725 2725 esset.
795 2676 994 2724 Accidit
1018 2683 1182 2724 tamen
1203 2673 1481 2738 aliquando,
1506 2680 1576 2731 ut,

179 2751 305 2800 sicut
348 2768 477 2816 equo
520 2761 726 2818 propter
766 2753 1016 2812 ferociam,
1055 2753 1127 2800 ita
1164 2752 1258 2800 civi
1300 2749 1578 2799 contumaci

177 2833 379 2892 propter
415 2830 690 2893 potentiam
713 2829 1064 2879 blandiendum
1090 2829 1167 2877 sit.
1240 2828 1338 2876 Sed
1369 2835 1426 2875 ut
1456 2826 1578 2875 illud

312 2919 442 2954 VOL.
468 2920 529 2954 11.
1405 2919 1444 2952 X
