2020 3262
783 481 1114 513 ERUDITISSIMO
1140 481 1252 512 VIRO

504 567 573 622 D.
630 568 1041 623 SAMUELI
1100 567 1554 623 SORBERIO

790 679 976 707 DOCTORI
999 680 1164 708 MEDICO
1181 681 1210 708 S.
1222 680 1258 707 D.

591 767 896 814 MARINUS
932 766 1336 814 MERSENNUS
1362 767 1432 812 Μ.

271 1037 351 1085 ΕΝ
386 1038 547 1095 audio,
582 1039 857 1086 doctissime
900 1037 1109 1095 Sorberi,
1155 1043 1317 1083 tecum
1359 1036 1479 1083 illud
1519 1036 1768 1099 egregium

271 1143 390 1190 opus
414 1128 474 1174 de
498 1127 648 1185 Cur-E,
672 1124 1059 1188 incomparabilis
1080 1125 1171 1171 viri
1187 1125 1246 1172 D.
1268 1126 1494 1182 HOBBII,
1510 1134 1558 1172 te
1576 1126 1768 1188 Hagam

273 1213 489 1271 Comltis,
509 1213 600 1260 hoc
620 1220 708 1271 est,
724 1212 972 1274 ingentem
989 1213 1269 1260 thesaurum
1292 1214 1561 1260 literarium
1583 1214 1766 1274 tulisse,

269 1301 406 1348 novis
429 1308 625 1348 auctum
641 1301 1029 1363 cogitationibUS,
1050 1315 1157 1362 quae
1181 1301 1381 1364 singulis
1406 1301 1767 1349 difficultatibus

270 1388 634 1446 satisfacientes,
657 1389 856 1451 planum
878 1388 971 1435 iter
1009 1388 1282 1436 exhibeant.
1350 1390 1472 1437 Vide
1508 1391 1673 1453 igitur,
1711 1398 1768 1438 ut

270 1477 376 1539 quis
394 1477 960 1540 egregiustypographus
975 1476 1152 1523 librum
1174 1476 1311 1522 illum
1328 1493 1543 1535 aureum,
1561 1478 1765 1540 gemmis

268 1574 465 1612 auctum
489 1573 537 1612 et
567 1572 807 1621 ornatum,
829 1565 880 1612 in
913 1565 1070 1612 lucem
1105 1564 1233 1622 edat,
1257 1581 1415 1627 neque
1440 1565 1620 1614 diutius
1642 1566 1766 1629 pati.

268 1654 363 1701 aris
387 1670 497 1700 eum
520 1671 549 1701 a
570 1654 710 1701 nobis
735 1653 1014 1701 desiderari.
1085 1653 1181 1700 Sed
1205 1660 1253 1700 et
1271 1655 1524 1702 authorem
1540 1671 1628 1717 pro
1650 1655 1766 1702 viri-

266 1743 357 1790 bus
378 1758 567 1805 urgeas,
583 1758 645 1790 ne
660 1749 819 1789 totum
839 1758 1015 1805 corpus
1032 1742 1434 1806 philosophicum,
1456 1744 1585 1807 quod
1603 1752 1765 1792 mente

267 1832 460 1894 premit,
486 1839 535 1879 et
558 1831 742 1879 calamo
775 1830 1001 1893 explicat,
1027 1830 1253 1894 deinceps
1290 1848 1417 1891 arca,
1454 1833 1592 1881 nobis
1613 1833 1764 1892 fatali,

267 1920 539 1978 concludat,
561 1936 623 1968 ne
645 1920 842 1968 tandem
875 1935 963 1966 nos
993 1918 1055 1965 ad
1074 1920 1419 1968 authoritatem
1449 1922 1633 1985 regiam
1654 1938 1766 1985 pro-

266 2025 439 2065 vocare
480 2017 637 2072 cogat,
680 2025 774 2071 qua
809 2008 957 2071 ipsius
994 2023 1157 2055 arcam
1187 2009 1400 2058 invidam
1440 2011 1763 2074 effringamus.

271 2099 467 2147 Quanta
483 2106 647 2147 autem
660 2097 908 2160 voluptate
923 2112 952 2143 a
965 2095 1104 2143 nobis
1123 2094 1359 2153 afficieris,
1381 2094 1574 2157 quando
1586 2093 1764 2142 videris

266 2187 478 2234 nobilem
500 2186 632 2233 illam
653 2184 1022 2249 philosophiam,
1053 2199 1154 2230 non
1193 2182 1351 2230 minus
1376 2197 1520 2244 quam
1549 2180 1764 2228 Euclidis

267 2273 518 2320 Elementa
548 2272 894 2320 demonstrari!
937 2273 1097 2321 Quam
1126 2271 1334 2319 libenter
1356 2270 1426 2317 illi
1447 2277 1544 2318 tuae
1567 2269 1764 2332 epochae

267 2365 316 2403 et
348 2356 572 2419 scopticis
605 2356 776 2404 naeniis
814 2356 1179 2403 renuntiaturus
1216 2369 1280 2413 es,
1307 2370 1417 2401 cum
1440 2352 1764 2415 dogmaticam

265 2444 548 2492 firmissimis
571 2445 788 2492 innixam
810 2444 977 2492 fulcris
1009 2444 1154 2491 fateri
1178 2441 1393 2505 cogeris!
1461 2440 1595 2488 Vale.
1666 2440 1764 2488 Ubi

265 2548 380 2579 vero
410 2533 470 2579 D.
487 2533 729 2592 Rivetum,
750 2533 835 2581 ubi
854 2533 1136 2595 Hugenium
1162 2530 1431 2578 mirabilem
1457 2529 1614 2577 virum
1630 2528 1763 2576 vide-

266 2619 347 2677 ris,
382 2620 552 2667 millies
588 2637 670 2668 eos
707 2638 815 2669 meo
854 2622 1051 2669 nomine
1088 2620 1267 2668 salutes
1303 2618 1464 2677 velim,
1487 2633 1661 2680 meque
1688 2618 1761 2666 tui

267 2707 435 2754 credas
465 2724 729 2758 memorem
756 2717 805 2759 et
832 2712 1192 2775 obsequentem.
1244 2707 1453 2756 Aureliae
1482 2723 1579 2754 xxv
1605 2707 1758 2769 April.

269 2796 601 2846 cIoIOCXLvi.
