1994 3276
479 253 550 286 DE
578 252 944 287 NECESSARIIS
970 252 1042 286 AD
1072 253 1346 288 SALUTEM.
1508 242 1606 295 427

209 363 326 413 rius.
394 364 507 413 Joh.
532 381 613 412 xx.
630 370 732 413 -312
768 363 900 412 Hoee
938 365 1137 429 scripta
1174 373 1304 425 sunt,
1343 373 1398 414 ut
1430 366 1608 414 ereda-
1648 391 1774 423 Ssscr,
1797 391 1864 424 111,

211 439 295 498 tie,
333 440 453 504 quia
489 441 660 489 JESUS
701 455 800 488 EST
826 440 1109 488 CHRISTUS
1135 440 1286 503 filius
1310 442 1427 500 Dei,
1462 450 1513 490 et
1554 449 1609 490 ut
1738 443 1787 472 ¹8·

165 519 167 522 ’
209 515 474 563 eredentes
495 516 649 564 vitam
672 515 905 564 habeatis
937 515 988 563 in
1016 516 1208 563 nomine
1232 517 1354 579 ejus,
1426 517 1607 576 Quare,

210 589 295 654 qui
318 590 388 639 sic
413 591 585 651 credit,
603 591 807 639 habebit
827 591 981 639 vitam
1003 598 1269 647 aeternam3
1306 608 1466 655 neque
1491 609 1608 656 ergo

210 681 334 730 opus
367 666 520 714 habet
560 667 656 715 alia
687 667 801 715 fide.
878 673 896 715 1
940 666 1053 715 Joh.
1092 666 1156 714 iv.
1196 674 1257 715 2:
1300 666 1468 715 Omnis
1504 669 1610 733 spi-

209 741 377 802 ritu-9,¹
396 743 485 807 qui
521 743 785 806 confitetur
821 742 992 791 Jesum
1037 742 1290 790 Christum
1331 743 1524 791 venisse
1561 743 1611 791 in

211 833 380 878 carne,
413 835 477 866 ex
511 819 623 866 Deo
656 825 747 867 est.
816 819 896 877 Et,
938 825 957 867 l
986 818 1099 866 Joh.
1125 835 1171 866 v.
1204 825 1221 867 l
1251 837 1262 866 :
1305 818 1472 867 Omnis
1506 819 1612 884 spi-

215 893 365 952 ritus,
400 893 488 958 qui
511 893 692 953 eredit,
732 895 963 959 quoniam
985 894 1157 943 JESUS
1186 909 1285 942 EST
1310 895 1611 953 CHRISTUS,

211 985 275 1017 ex
310 969 425 1017 Deo
466 975 616 1017 natus
658 976 750 1017 est.
833 970 898 1017 Et
939 976 957 1018 l
1004 970 1119 1018 Joh.
1157 987 1204 1018 v.
1244 977 1305 1018 5:
1360 971 1484 1027 Quis
1521 978 1613 1029 est,

212 1045 303 1110 qui
322 1045 477 1093 vineit
499 1045 742 1103 mundum,
758 1045 859 1094 nisi
882 1046 970 1110 qui
996 1045 1176 1105 eredit,
1194 1047 1425 1111 quoniam
1443 1047 1471 1095 J
1477 1062 1613 1096 ESUS

213 1136 314 1170 EST
333 1121 487 1185 filiu-s·
510 1122 613 1170 Dei
628 1125 657 1170 ,9
728 1121 781 1170 Si
804 1122 958 1185 igitur
982 1138 1083 1170 non
1107 1122 1172 1170 Sit
1204 1139 1327 1187 opus
1353 1124 1487 1171 aliud
1512 1139 1617 1171 cre-

187 1197 347 1257 dere,
370 1204 430 1246 ut
468 1197 578 1261 quis
622 1198 685 1245 sit
726 1214 788 1245 ex
829 1199 940 1246 Deo
956 1217 975 1254 ‚·
1011 1205 1160 1246 natus
1202 1216 1264 1246 ex
1305 1199 1416 1246 Deo
1432 1218 1452 1254 ;
1488 1206 1539 1247 et
1562 1206 1618 1247 ut

211 1273 380 1322 vineat
418 1273 661 1332 mundum,
700 1289 847 1336 quam
875 1274 1063 1323 JESUM
1108 1289 1241 1322 ESSE
1281 1275 1615 1331 CHRISTUM3

211 1349 390 1398 unicus
414 1348 497 1396 ille
520 1349 758 1397 articulus
782 1350 963 1398 sufficit
986 1350 1050 1398 ad
1086 1350 1308 1399 Salutem.
1378 1351 1491 1399 Act.
1515 1351 1615 1400 viii.

213 1431 296 1484 36,
321 1427 415 1480 37:
451 1424 590 1473 Ecce
616 1442 767 1490 aqua,
794 1426 922 1490 quid
933 1426 1175 1490 prohibet
1208 1443 1283 1474 me
1318 1426 1617 1491 baptizari?

212 1500 367 1549 Dixit
402 1508 568 1549 autem
593 1501 866 1567 Philippus
884 1521 901 1550 :
937 1502 984 1550 si
1022 1502 1190 1550 eredis
1215 1519 1278 1549 ex
1320 1509 1423 1550 toto
1448 1503 1616 1562 eorde,

215 1576 354 1625 licet.
426 1577 772 1641 Responden3‚
813 1578 921 1626 ait:
981 1578 1134 1626 eredo
1155 1578 1327 1642 filium
1368 1579 1472 1627 Dei
1509 1596 1620 1627 esse

7 1703 10 1705 ,
214 1651 387 1700 Jesum
428 1652 700 1700 Christum.
774 1654 826 1701 Si
867 1654 1066 1716 quidem
1106 1670 1223 1718 ergo
1259 1655 1495 1703 articulus
1532 1655 1614 1702 ille

0 1712 7 1813 Ῑ
216 1745 277 1777 ex
299 1735 407 1777 toto
427 1728 594 1787 corde,
618 1729 713 1777 hoc
737 1738 826 1788 est,
850 1730 949 1778 fide
966 1731 1163 1779 interna
1181 1731 1412 1791 creditus,
1438 1732 1617 1780 sufficit

215 1804 281 1853 ad
303 1804 618 1868 baptismum,
654 1805 834 1853 sufficit
859 1806 1008 1854 etiam
1048 1806 1113 1854 ad.
1140 1807 1362 1856 salutem.
1434 1808 1618 1856 Praeter

215 1881 324 1929 haec
363 1880 490 1940 loca,
528 1881 626 1928 alia
658 1881 917 1930 innumera
954 1891 1085 1942 sunt,
1112 1899 1222 1947 quae
1257 1883 1389 1932 idem
1413 1884 1544 1932 clare
1569 1890 1620 1932 et

217 1972 446 2021 expresse
470 1957 734 2006 affirmant.
805 1959 928 2018 Imo,
952 1959 1233 2023 ubicunque
1260 1949 1469 2024 legimns
1508 1961 1621 2009 Ser-

216 2042 441 2082 vatorem
486 2041 712 2082 nostrum
753 2035 1025 2098 cujuspiam
1065 2034 1214 2083 fidem
1254 2036 1494 2096 laudasse,
1540 2037 1619 2084 vel

218 2108 413 2168 dixisse,
421 2108 563 2172 fides
588 2115 675 2156 tua
702 2116 751 2157 te
774 2110 1128 2174 Salvumfeeit,
1142 2111 1220 2158 vel
1235 2127 1431 2160 sanasse
1456 2129 1623 2176 quem-

0 2201 14 2248 *L
220 2184 355 2248 piam
389 2191 592 2248 propter
614 2184 780 2244 fidem,
801 2185 870 2233 ibi
892 2186 1165 2250 propositio
1191 2187 1380 2236 credita
1402 2188 1499 2237 alia
1520 2205 1622 2236 non

0 2264 6 2329 ξ’
220 2268 328 2308 erat
353 2276 500 2324 quam
523 2260 646 2319 haee,
670 2261 699 2309 J
705 2275 842 2309 ESUS
871 2276 971 2310 EST
996 2262 1297 2323 CHRISTUS,
1320 2264 1398 2312 vel
1435 2265 1622 2313 directe

7 2334 10 2336 ’
222 2336 299 2384 vel
321 2351 411 2400 per
430 2352 748 2399 consequens.

295 2419 370 2462 ll.
410 2412 659 2462 Quoniam
683 2420 851 2461 autem
876 2414 1076 2462 credere
1113 2414 1286 2463 Jesum
1309 2431 1420 2463 esse
1448 2414 1623 2463 Chris-
1642 2427 1727 2477 lnep
1741 2426 1864 2477 arpicjsso

223 2495 324 2537 tum
367 2505 514 2537 nemo
558 2496 740 2552 potest,
790 2489 889 2552 qui,
928 2505 1041 2537 cum
1078 2490 1202 2538 sciat
1245 2507 1335 2554 per
1375 2491 1624 2539 Christum
1642 2470 1888 2543 ῗῗέἒὲξῃτῖῗῖῗ

222 2564 436 2628 intelligi
454 2580 624 2628 regem
655 2564 809 2623 illum,
841 2564 926 2627 qui
953 2581 983 2612 a
1018 2565 1123 2613 Deo
1146 2567 1415 2629 promissus
1438 2574 1514 2615 est
1535 2584 1625 2631 per
1642 2558 1741 2588 ”²⁸⁰st

223 2640 401 2689 Mosen
417 2649 468 2688 et
482 2640 748 2703 prophetas
763 2640 815 2687 in
829 2639 1020 2705 Regem
1037 2649 1088 2688 et
1102 2640 1422 2690 Servatorem
1437 2643 1624 2703 mundi,

224 2732 327 2765 non
342 2716 512 2765 credat
536 2717 685 2764 etiam
710 2716 842 2764 Mosi
862 2724 913 2764 et
927 2717 1217 2782 prophetis,
1241 2735 1402 2782 neque
1426 2719 1626 2768 credere

224 2792 302 2840 his
318 2792 490 2856 possit,
513 2793 596 2856 qui
615 2809 715 2840 non
739 2792 898 2840 credit
914 2793 1075 2840 Deum
1093 2800 1143 2841 et
1159 2795 1407 2843 exsistere
1425 2803 1475 2844 et
1492 2813 1627 2844 mun-

227 2867 342 2916 dum
361 2867 667 2934 gubernare,
694 2868 937 2916 contineri
974 2884 1174 2918 necesse
1212 2879 1287 2920 est
1320 2871 1470 2920 fidem
1495 2872 1628 2921 illam
