2020 3262
274 289 346 324 DE
374 288 566 325 CAUSIS
595 290 896 325 clvl‘rA'rEM
925 290 1414 324 DISSOLVENTIBUS.
1462 283 1557 325 293

179 399 327 450 Quod
343 409 509 450 autem
531 402 581 462 ii,
606 402 689 463 qui
718 400 945 449 videntur
964 399 1054 448 sibi
1072 406 1178 448 tota
1201 400 1408 448 civitatis
1431 401 1556 449 mole
1597 425 1724 457 SECT,
1742 419 1813 458 111>

177 477 410 540 oppressi,
444 478 587 541 proni
617 477 681 526 ad
716 476 976 525 seditiones
1000 475 1129 531 sint3
1167 475 1391 539 quodque
1420 476 1557 524 novis
1677 477 1727 507 ¹2·

175 551 322 600 rebus
346 552 676 618 delectentur,
701 552 872 616 quibus
911 558 1173 615 praesentes
1209 559 1404 610 nocent,
1440 552 1557 600 satis

175 642 264 691 per
287 643 340 675 se
362 628 672 676 manifestum
697 635 783 676 est.

250 708 323 752 10.
366 703 535 752 Altera
580 704 729 752 animi
775 703 1029 767 aegritudO,
1076 703 1350 751 civitatibus
1397 703 1556 761 noxia,
1575 719 1622 768 Af¹
1636 720 1805 769 senemr-n·

176 793 345 826 eorum
362 779 365 782 ’
383 786 472 836 est,
503 780 586 843 qui
623 780 724 828 otio
761 778 1063 827 abundantes
1100 787 1268 826 carent
1305 778 1557 842 dignitate.
1576 762 1837 801 fflswm‘mbm‘*

174 853 256 902 Ad
276 854 487 902 honores
520 861 570 902 et
602 854 941 903 claritudinem
975 860 1150 902 natura
1172 854 1368 918 quidem
1391 870 1558 903 omnes

175 930 514 987 contendunt3
549 930 620 978 illi
656 947 771 978 vero
795 931 1020 989 maxime,
1046 931 1128 993 qui
1163 930 1361 977 minime
1396 946 1558 978 rerum

174 1005 559 1053 necessariarum
610 1005 938 1054 sollicitudine
988 1005 1359 1068 distringuntur.
1454 1006 1558 1054 Hos

174 1081 305 1128 enim
326 1081 504 1144 partim
527 1081 590 1129 ad
621 1081 954 1129 disserendum
987 1080 1115 1128 inter
1138 1097 1188 1128 se
1212 1080 1272 1128 de
1296 1081 1558 1144 republica,

173 1157 354 1220 partim
377 1156 441 1205 ad
463 1157 822 1215 historicorum,
847 1163 1110 1215 oratorum,
1129 1157 1453 1220 politicorum,
1472 1157 1558 1205 ali-

174 1228 413 1296 orumque
446 1233 681 1281 librorum
711 1232 904 1281 facilem
937 1233 1197 1281 lectionem
1234 1233 1386 1281 otium
1409 1234 1556 1297 cogit.

174 1307 296 1356 Inde
332 1315 497 1356 autem
533 1308 791 1373 contingit,
814 1315 870 1356 ut
901 1308 964 1356 ad
986 1324 1063 1356 res
1099 1309 1296 1356 maximi
1325 1310 1559 1357 momenti

173 1383 580 1432 administrandas
626 1390 675 1432 et
720 1385 781 1432 ab
827 1384 1023 1448 ingenio
1065 1391 1114 1432 et
1154 1401 1184 1432 a
1224 1385 1447 1433 doctrina
1485 1386 1559 1435 in-

175 1465 390 1508 structos
415 1476 465 1508 56
491 1475 595 1508 6556
614 1460 928 1508 arbitrentur.
1001 1460 1245 1509 Quoniam
1263 1468 1426 1508 autem
1459 1478 1558 1509 non

173 1550 342 1583 omnes
366 1542 495 1594 sunt,
527 1535 659 1598 quod
694 1535 786 1583 sibi
822 1535 1050 1583 videntur
1084 1552 1203 1596 6556,
1228 1544 1278 1584 et
1309 1537 1349 1584 si
1381 1544 1556 1596 essent,

171 1626 273 1659 non
308 1617 474 1659 tamen
502 1618 699 1670 omnes,
718 1618 920 1675 propter
946 1612 1323 1671 multitudinem,
1359 1613 1422 1660 ad
1455 1629 1558 1661 mu-

171 1702 292 1735 nera
312 1687 512 1751 publica
548 1687 770 1735 adhiberi
806 1694 1019 1750 possent,
1043 1703 1238 1735 necesse
1275 1696 1348 1736 est
1382 1689 1558 1737 multos

171 1762 431 1827 praeterffiT
498 1763 567 1812 Hi
600 1763 751 1827 igitur
775 1763 1117 1811 contumeliam
1151 1764 1241 1812 sibi
1269 1764 1375 1812 fieri
1398 1764 1559 1812 existi-

172 1846 378 1899 mantes,
401 1839 524 1887 nihil
560 1838 714 1902 magis
750 1838 802 1885 in
832 1839 964 1886 votis·
994 1839 1174 1887 habere
1213 1847 1430 1903 possunt,
1454 1848 1559 1890 tum

109 1959 111 1962 Α
172 1914 358 1963 invidia
379 1915 431 1963 in
463 1915 554 1963 sibi
590 1915 832 1978 praelatos,
856 1921 963 1962 tum
987 1916 1266 1979 emergendi
1289 1932 1388 1980 spe,
1414 1933 1559 1979 quam

172 1997 231 2038 ut
276 1990 478 2039 consilia
520 1990 717 2054 publica
762 1998 964 2038 eventus
1015 1991 1231 2040 infelices
1278 1992 1557 2041 sortiantur.

173 2065 388 2130 Ideoque
410 2066 589 2114 mirum
625 2082 723 2114 non
761 2074 850 2126 est,
883 2066 923 2114 si
950 2082 1115 2115 rerum
1149 2084 1383 2117 novarum
1419 2085 1558 2121 occa-

173 2141 332 2190 siones
356 2141 544 2206 cupidis
568 2142 741 2189 animis
765 2142 1095 2205 opperiantur.

246 2223 265 2266 l
280 2223 321 2266 1.
357 2218 494 2265 Inter
516 2218 718 2265 affectus
736 2217 990 2266 seditiosos
1004 2219 1306 2268 numeranda
1320 2229 1395 2269 est
1412 2222 1558 2270 etiam
1593 2239 1640 2268 Aa
1651 2241 1818 2270 seditionem

173 2309 292 2359 spes
315 2293 557 2341 vincendi.
628 2293 738 2341 Sint
762 2294 892 2342 enim
914 2294 1151 2354 homines,
1177 2303 1415 2358 quantum
1450 2299 1557 2362 quis
1593 2283 1797 2357 ffiffi‘ssssssf'es

171 2368 396 2427 voluerit,
429 2368 738 2432 opinionibus
761 2369 871 2432 paci
895 2376 944 2417 et
977 2370 1202 2434 regimini
1225 2371 1355 2420 civili
1384 2389 1559 2437 repug-

173 2445 404 2493 nantibus
426 2445 629 2500 imbuti;
665 2445 778 2503 sint,
794 2454 1032 2509 quantum
1055 2446 1161 2494 fieri
1183 2454 1358 2510 potest,
1372 2448 1559 2512 injuriis

174 2528 226 2569 et
247 2520 568 2580 contumeliis,
587 2521 647 2568 ab
671 2520 730 2568 iis
754 2521 906 2584 quiin
923 2521 1216 2570 authoritate
1239 2531 1366 2580 sunt,
1383 2524 1487 2572 laesi
1510 2532 1560 2572 et

173 2595 381 2646 lacessiti
397 2618 409 2653 ;
445 2597 485 2645 si
507 2604 671 2645 tamen
694 2597 921 2644 vincendi
938 2613 1055 2662 spes
1072 2598 1205 2646 nulla
1221 2606 1308 2646 aut
1324 2616 1424 2647 non
1443 2600 1560 2648 satis

173 2687 354 2736 magna
375 2682 623 2737 appareat,
643 2672 778 2720 nulla
801 2680 1032 2736 sequetur
1055 2673 1256 2730 sediti03
1294 2675 1560 2724 dissimula-

173 2747 300 2797 bunt
322 2749 514 2813 singuli,
539 2757 589 2797 et
611 2749 780 2813 gravia
795 2749 957 2812 potius
975 2748 1134 2798 ferent
1157 2767 1301 2814 quam
1321 2752 1558 2815 graviora.

175 2822 256 2871 Ad
275 2824 402 2873 hanc
425 2841 562 2890 spem
585 2825 857 2873 necessario
887 2825 1201 2888 requiruntur
1225 2835 1447 2890 quatuor,
1472 2845 1558 2876 nu-

176 2915 354 2959 merus,
378 2900 716 2962 instrumenta,
742 2907 907 2949 mutua
916 2901 1131 2965 fiducia,
1158 2910 1207 2951 et
1231 2903 1393 2952 duce&
1444 2905 1556 2956 Sine
