1982 3256
660 255 731 288 DE
758 253 1007 297 VISIONE,
1034 252 1150 286 E'rc.
1505 240 1567 292 73

175 366 356 430 objecti
395 366 517 415 ΟΝ.
608 366 699 414 Est
737 364 889 428 igitur
926 365 969 412 O
1006 371 1245 427 punctum
1280 363 1332 410 in
1372 379 1486 426 quo,
1528 364 1568 411 si
1619 385 1748 418 Smyr,
1768 385 1819 417 11,

175 442 346 490 oculus
371 449 499 490 esset
520 441 571 489 in
606 441 650 489 O
669 441 729 499 D,
750 439 994 503 producta
1015 455 1171 503 usque
1206 438 1270 486 ad
1302 439 1565 501 objectum,
1715 439 1744 468 ⁸·

175 517 246 565 ita
267 525 324 565 ut
347 517 532 566 dictum
557 525 645 576 est,
670 523 927 575 remotum,
962 515 1084 563 visio
1118 514 1299 578 objecti
1324 514 1456 577 quod
1478 531 1566 577 po-
1586 530 1701 580 ‚¹³⁰⁰¹¹.⁹.

175 593 311 641 nitur
333 593 385 641 in
408 593 512 656 ipso
536 593 579 640 O
598 593 637 651 I,
663 598 990 640 evanesceret.
1059 591 1147 638 Est
1170 590 1322 653 igitur
1346 589 1389 637 Ο
1413 606 1567 653 punc-
1584 581 1812 654 ῗοᾚῖἶῖῗῃρῖζῃ-

176 674 284 716 tum
308 667 659 716 evanescentiae
687 674 914 730 respectu
949 666 1078 714 oculi
1113 665 1341 714 collocati
1375 666 1427 713 in
1464 666 1506 713 O
1523 666 1568 713 D
1585 669 1690 687 'mm
1701 660 1831 688 invem·

178 752 417 806 quant-um
435 743 550 791 satis
565 750 639 790 est
655 742 899 806 producta
915 764 927 798 ;
963 742 1210 801 nimirum,
1232 741 1272 789 si
1289 741 1410 789 visio
1425 741 1569 789 intel-

176 818 359 883 ligatur
373 819 574 877 directa,
589 819 722 867 nullo
740 818 1030 882 interposito
1050 818 1260 881 dioptro.
1320 818 1385 865 Et
1404 818 1445 866 si
1463 818 1570 880 qui-

179 895 291 943 dem
305 896 366 943 ab
382 896 459 959 obj
465 896 562 943 ecti
576 895 645 943 ita
657 895 833 943 remoti
849 895 1050 942 diversis
1063 895 1258 958 punctis
1274 894 1571 942 ducerentur

177 978 326 1019 rectae
341 972 579 1035 quotlibet
601 971 666 1020 ad
688 972 747 1030 O,
762 979 812 1019 et
832 970 1101 1034 productae,
1123 978 1249 1018 esset
1272 970 1400 1018 idem
1416 986 1571 1033 punc-

179 1054 287 1095 tum
310 1047 354 1095 Ο
376 1055 614 1110 punctum
643 1047 996 1095 evanescentiae
1026 1054 1253 1110 respectu
1276 1046 1406 1094 oculi
1424 1046 1572 1109 positi

178 1122 231 1170 in
253 1122 314 1179 A,
338 1122 484 1170 modo
506 1122 696 1170 nullum
720 1130 848 1170 esset
870 1122 1214 1185 interpositum
1238 1121 1501 1185 dioptrum.

248 1197 346 1246 Sed
367 1198 528 1261 posito
549 1198 741 1262 dioptro
767 1199 808 1246 B
829 1198 886 1256 C,
921 1206 971 1246 et
993 1198 1234 1261 producto
1255 1199 1306 1246 in
1331 1198 1572 1245 directum

0 1325 5 1341 ι
179 1273 318 1322 radio
360 1267 448 1322 ῙΗ
487 1281 544 1322 ut
580 1282 808 1322 occurrat
843 1274 889 1322 A
904 1275 940 1322 P
974 1274 1026 1322 in
1066 1275 1117 1333 P,
1153 1275 1241 1322 fiet
1279 1274 1325 1322 A
1343 1275 1380 1322 P
1416 1273 1572 1336 major

0 1346 6 1419 ξ
181 1366 329 1413 quam
352 1350 395 1398 O
411 1350 434 1397 I
457 1356 658 1413 propter
680 1350 1023 1398 refractionem
1046 1349 1098 1397 in
1118 1349 1329 1414 dioptro.
1400 1350 1572 1412 Itaque

0 1422 4 1429 ’
180 1442 270 1490 pro
294 1441 352 1473 eo
377 1425 510 1489 quod
531 1425 584 1473 in
606 1425 791 1474 visione
807 1425 995 1473 directa
1010 1426 1218 1473 sumitur
1236 1426 1286 1473 in
1306 1426 1348 1472 A
1367 1426 1403 1473 P
1422 1433 1571 1483 recta,

0 1481 7 1542 l
180 1509 238 1550 ut
259 1501 373 1561 AZ,
400 1501 599 1565 aequalis
623 1503 818 1565 objecto
842 1502 885 1550 Ο
903 1502 941 1561 Ι,
969 1502 1178 1549 sumitur
1201 1503 1253 1549 in
1276 1501 1461 1549 visione
1485 1517 1574 1564 per

0 1575 6 1654 'j
183 1577 434 1641 dioptrum
469 1577 664 1625 inversa
694 1577 854 1640 ipsum
888 1577 1000 1624 AP.
1071 1577 1235 1624 Ducta
1268 1577 1421 1640 igitur
1461 1576 1572 1634 ΡΟ,

0 1648 7 1699 ἱ
182 1653 235 1701 in
266 1668 325 1701 ea
357 1652 603 1700 videbitur
637 1652 818 1700 alicubi
851 1660 1091 1715 punctum
1111 1653 1163 1708 I;
1199 1669 1314 1700 nam
1350 1652 1390 1700 si
1430 1651 1575 1700 intel-

0 1714 6 1753 ξ
181 1729 364 1792 ligatur
386 1729 626 1777 removeri
649 1745 679 1776 a
703 1729 895 1792 dioptro
927 1729 1174 1792 objectum
1209 1729 1291 1777 OI
1326 1729 1454 1776 inter
1487 1744 1575 1791 pa-

183 1805 375 1853 rallelas
399 1805 442 1852 Ο
458 1804 519 1863 D,
557 1805 650 1852 ΙΜ
683 1811 920 1868 quantum
945 1821 1067 1868 opus
1091 1812 1179 1863 est,
1218 1820 1408 1869 semper
1433 1803 1575 1851 dimi-

182 1888 363 1929 nuetur
384 1880 592 1944 angulus
610 1896 757 1939 quem
774 1880 961 1928 faciunt
975 1880 1026 1927 in
1043 1880 1389 1928 intersectione
1406 1879 1574 1927 radius

185 1957 209 2005 I
226 1957 274 2004 H
308 1963 357 2004 et
391 1956 496 2004 axis
528 1957 572 2004 D
588 1956 634 2004 A
654 1977 665 2010 ;
702 1964 753 2004 et
775 1972 864 2020 per
888 1972 1191 2019 consequens
1216 1972 1407 2019 semper
1430 1955 1575 2002 dimi-

185 2038 365 2080 nuetur
389 2032 596 2095 angulus
619 2031 826 2080 visorius
849 2031 1004 2080 donec
1027 2031 1223 2095 penitus
1251 2031 1477 2079 deveniat
1501 2031 1576 2078 in-

185 2107 426 2156 sensibilis
444 2108 496 2155 in
519 2108 578 2167 O,
600 2108 887 2156 coeuntibus
907 2107 1093 2155 scilicet
1109 2108 1257 2156 rectis
1282 2108 1305 2155 I
1323 2108 1371 2155 H
1392 2115 1443 2155 et
1462 2108 1504 2155 Ο
1522 2107 1574 2155 F.

185 2183 446 2232 Videbitur
483 2200 600 2247 ergo
635 2199 826 2247 semper
859 2190 1097 2247 punctum
1132 2184 1155 2232 I
1190 2184 1242 2232 in
1276 2191 1414 2232 recta
1449 2184 1485 2231 P
1500 2184 1574 2238 O;

187 2260 275 2309 sed
295 2260 427 2308 idem
450 2266 688 2324 punctum
711 2260 735 2307 Ι
758 2259 951 2307 videtur
970 2275 1161 2323 semper
1183 2260 1235 2307 in
1259 2259 1433 2307 visuali
1457 2259 1499 2307 A
1518 2259 1576 2307 G.

186 2336 447 2384 Videbitur
469 2351 587 2399 ergo
611 2335 675 2383 ad
697 2335 1093 2383 intersectionem
1115 2335 1167 2383 in
1197 2335 1257 2383 R.
1329 2335 1576 2394 Similiter,

187 2412 430 2477 producta
458 2412 505 2459 N
524 2412 564 2459 L
585 2427 740 2474 usque
763 2410 829 2459 ad
851 2427 1107 2459 occursum
1129 2419 1281 2460 rectae
1316 2412 1362 2459 A
1377 2412 1414 2459 P
1437 2411 1489 2459 in
1515 2412 1577 2471 Q,

189 2496 240 2537 et
263 2487 412 2536 ducta
435 2488 484 2537 Q
498 2488 558 2544 Ο,
582 2487 852 2552 apparebit,
876 2497 1076 2551 propter
1096 2488 1302 2536 eandem
1321 2488 1578 2547 rationem,

187 2570 428 2628 punctum
447 2563 494 2612 N
518 2563 570 2611 in
593 2564 938 2612 intersectione
964 2565 1012 2614 Q
1026 2565 1069 2613 O
1090 2572 1140 2612 et
1164 2565 1209 2612 A
1227 2566 1271 2612 K
1306 2565 1577 2628 productae.

190 2641 435 2689 Punctum
457 2646 623 2688 autem
654 2640 697 2688 O
728 2639 973 2687 videbitur
995 2639 1046 2687 in
1066 2656 1172 2699 axe,
1210 2640 1324 2703 quia
1354 2640 1458 2688 axis
1492 2657 1579 2705 op-

189 2715 318 2765 ticus
336 2731 438 2764 non
454 2715 758 2780 refringitur.
815 2716 996 2764 Totum
1014 2732 1130 2780 ergo
1155 2717 1198 2764 Ο
1214 2716 1261 2764 Ν
1278 2717 1301 2764 I
1325 2717 1581 2781 apparebit

189 2792 383 2840 inverse
406 2791 458 2840 in
483 2792 528 2840 R
542 2790 576 2841 S
592 2792 647 2840 T.
719 2793 952 2840 Inventus
969 2808 1086 2856 ergo
1106 2799 1181 2840 est
1197 2792 1333 2841 locus
1352 2793 1580 2856 imaginis

190 2867 412 2928 inversae,
437 2875 530 2917 etc.
603 2869 752 2919 Quod
777 2875 882 2917 erat
904 2868 1197 2918 faciendum.
