2020 3262
200 979 326 1011 SECT.
347 979 396 1011 11.

273 1030 321 1060 15.

205 1107 229 1134 Ρ
230 1116 339 1134 ersonae

204 1149 340 1178 definitio.

161 2790 277 2818 Author
289 2792 317 2817 et
327 2789 425 2818 autho-

159 2834 238 2868 ritas,
263 2842 313 2871 qul
303 2833 334 2861 id
359 2833 423 2861 sint.

455 247 543 289 130
954 260 1024 293 DE
1051 261 1290 295 HOMINE.

950 584 1161 633 CAPUT
1205 586 1310 633 XV.

872 690 933 722 DE
959 691 1145 723 HOMINE
1171 692 1387 724 F10T1'r10.

449 776 666 814 1.Pers0nae
678 776 859 814 definitio.
887 779 923 815 2.
936 776 1090 815 Author
1101 783 1139 816 et
1152 779 1369 824 authoritas,
1378 780 1470 830 quid
1484 780 1569 818 sint.
1597 783 1634 819 3.
1649 780 1816 831 Sponsor

497 839 575 875 sive
601 838 810 888 fidejussor,
839 838 942 888 quid.
1007 843 1045 878 4.
1075 840 1279 879 Personam
1305 842 1444 879 habere
1471 843 1628 893 intelligi
1659 849 1816 893 possunt

496 899 579 936 aliae
597 911 656 936 res
673 904 811 948 praeter
828 899 1028 937 hominem.

450 983 491 1024 1.
529 977 690 1028 QUOD
717 977 873 1024 Graeci
896 979 1140 1039 προσώπου,
1165 979 1325 1026 Latini
1343 980 1510 1028 dicunt
1527 981 1815 1045 quandoque

424 1051 623 1115 factem
647 1052 746 1099 sive
765 1069 819 1098 os
842 1052 1065 1111 hominis,
1087 1054 1374 1118 quandoque
1395 1072 1699 1119 personam:
1715 1058 1815 1119 sa-

444 1126 564 1174 ciem
589 1126 628 1174 si
652 1126 711 1173 de
733 1127 928 1174 homine
950 1143 1080 1186 vero,
1101 1145 1365 1191 personam
1389 1131 1429 1177 si
1453 1131 1513 1178 de
1535 1132 1707 1179 fictitio
1741 1133 1815 1180 in-

442 1201 597 1264 telligi
623 1202 807 1259 volunt,
846 1203 1038 1265 qualem
1073 1203 1124 1251 in
1160 1205 1351 1253 theatro
1387 1207 1606 1254 solebant
1635 1208 1814 1255 habere

444 1276 651 1324 comoedi
673 1284 722 1324 et
745 1277 966 1339 tragoedi.
1024 1278 1386 1341 Intelligebatur
1403 1281 1532 1328 enim
1549 1281 1601 1329 in
1623 1282 1814 1330 theatro

442 1351 574 1414 loqui
595 1367 694 1398 non
717 1351 818 1414 ipse
840 1352 1027 1411 histrio,
1052 1353 1137 1400 sed
1159 1354 1331 1417 aliquis
1361 1356 1495 1414 alius,
1529 1364 1650 1419 puta
1682 1357 1814 1420 Aga-

442 1442 685 1485 memnon,
720 1427 950 1474 nimirum
971 1427 1145 1476 faeiem
1180 1430 1401 1477 fictitiam
1436 1431 1814 1493 Agamemnonis

443 1501 673 1548 induente
695 1502 945 1561 histrione,
983 1504 1065 1566 qui
1088 1520 1176 1566 pro
1200 1505 1282 1552 illo
1305 1511 1521 1568 tempore
1547 1513 1651 1554 erat
1680 1507 1812 1570 Aga»

444 1593 701 1632 memnon;
738 1577 868 1639 quod
901 1584 1064 1625 tamen
1093 1586 1263 1641 postea
1284 1580 1644 1643 intelligebatur
1666 1582 1814 1629 etiam

443 1653 545 1700 sine
567 1652 690 1699 facie
712 1653 842 1709 ficta,
877 1653 1104 1700 nimirum
1125 1655 1384 1716 profitente
1408 1671 1457 1702 se
1481 1662 1644 1704 actore
1668 1672 1813 1720 quam

442 1743 697 1790 personam
742 1736 938 1776 aeturus
983 1737 1101 1776 erat.
1193 1730 1239 1776 N
1242 1746 1296 1777 ec
1334 1730 1493 1778 minus
1530 1733 1814 1780 necessariae

445 1810 558 1849 sunt
592 1803 644 1850 in
681 1803 876 1851 civitate
910 1805 1131 1852 fictiones
1171 1806 1463 1868 hujusmodi,
1498 1815 1700 1870 propter
1730 1807 1814 1855 ab-

444 1877 652 1924 sentium
675 1879 965 1926 commercia
988 1886 1037 1927 et
1061 1887 1354 1940 contractus,
1371 1897 1516 1944 quam
1532 1882 1584 1929 in
1605 1883 1811 1931 theatro.

446 1952 593 2000 Quod
615 1959 778 2000 autem
801 1954 864 2001 ad
885 1970 1026 2002 usum
1048 1971 1268 2018 personae
1294 1957 1482 2004 civilem
1505 1958 1694 2017 attinet,
1730 1958 1814 2005 de-

443 2027 572 2074 finiri
594 2034 753 2090 potest
775 2029 868 2075 hoc
890 2029 1064 2084 modo;
1091 2046 1315 2093 persona
1349 2038 1440 2090 est,
1477 2032 1557 2079 cui
1585 2033 1734 2080 verba
1764 2039 1814 2080 et

444 2103 666 2149 actiones·
681 2103 919 2150 hominum
934 2104 1275 2152 attribuuntur
1297 2106 1376 2153 vel
1396 2123 1495 2154 suoe
1513 2106 1589 2154 vel
1606 2107 1780 2156 alienoe
1793 2126 1812 2156 .·

445 2177 485 2224 si
519 2193 633 2235 suae,
668 2194 876 2241 persona
909 2180 1159 2227 naturali-5
1191 2187 1294 2236 est3
1332 2182 1371 2228 si
1402 2182 1585 2240 alienae,
1613 2182 1812 2244 fictitia

444 2260 532 2299 est.
602 2253 671 2300 Ut
695 2269 810 2316 ergo
833 2253 962 2301 idem
978 2255 1149 2302 histrio
1166 2263 1328 2318 potest
1352 2256 1562 2304 diversas
1583 2272 1813 2319 personas

445 2327 644 2375 diversis
690 2329 987 2391 temporibus
1032 2329 1250 2388 induere,
1307 2331 1377 2378 ita
1421 2332 1622 2394 quilibet
1666 2331 1811 2379 homo

441 2402 603 2464 plures
625 2403 846 2450 homines
869 2412 1214 2467 repraesentare
1242 2412 1417 2469 potest.
1485 2406 1620 2470 Ego,
1654 2406 1812 2468 inquit

445 2477 627 2536 Cicero,
653 2495 774 2525 unus
799 2479 1017 2526 sustineo
1043 2486 1146 2526 tres
1163 2497 1428 2544 personas,
1447 2481 1540 2527 mei
1562 2487 1611 2527 et
1634 2481 1811 2528 adver-

442 2553 572 2599 sarii
596 2553 867 2615 etjudicz's.
938 2555 1089 2603 Quasi
1113 2555 1310 2614 diceret,
1345 2571 1469 2602 unus
1498 2555 1667 2602 Cicero
1695 2571 1811 2603 oon-

443 2627 643 2675 siderari
665 2643 862 2690 possum
884 2636 939 2676 ut
962 2637 1156 2692 egomet
1179 2630 1297 2693 ipse,
1331 2637 1387 2677 ut
1415 2629 1731 2688 adversarius,
1755 2637 1812 2677 ut

437 2702 601 2764 judex.

506 2784 553 2824 2.
590 2778 786 2835 Eorum,
816 2778 898 2840 qui
921 2778 972 2825 in
995 2778 1190 2826 civitate
1207 2794 1435 2842 personas
1455 2779 1708 2838 sustinent,
1728 2780 1812 2827 alii

437 2853 637 2915 jubente
661 2868 717 2900 eo
743 2854 880 2915 cujus
904 2869 1160 2916 personam
1178 2861 1370 2918 gerunt,
1387 2854 1470 2902 alii
1491 2870 1591 2902 non
1609 2855 1812 2918 jubente
