2020 3262
460 243 559 287 258
995 253 1299 288 IMPERmM.

200 386 327 420 SECT,
348 386 419 419 111,
461 363 578 411 dum
613 362 745 426 leges
781 362 960 420 civileS,
991 377 1424 411 MATRIMONIUM.
1494 362 1547 410 Si
1577 378 1693 411 vero
1728 379 1847 412 eona

294 437 324 469 9·
459 439 658 487 trahant
676 438 1052 486 concubinatum
1067 446 1277 496 tantum,
1285 437 1397 499 filii
1420 444 1534 485 sunt
1549 438 1628 485 vel
1649 438 1846 498 matri-5⁸,

461 514 537 562 vel
550 513 728 578 patris
750 514 898 573 varie,
918 521 1065 576 prout
1097 514 1149 561 in
1181 512 1383 560 diversis
1402 512 1681 561 civitatibus
1713 513 1846 577 leges

462 590 624 638 civiles
649 589 852 637 diversae
872 596 1000 637 sunt.

178 664 422 745 ᾎξζζῑίξξῒᾞζξδὶ
527 667 574 719 7.
611 664 871 723 Quoniam,
895 680 983 727 per
1005 663 1264 711 articulum
1286 663 1501 719 tertium,
1518 668 1678 710 mater
1701 662 1848 726 origi-

176 752 444 801 nonfninuqqpam
459 740 636 788 naliter
659 739 926 787 liberorum
957 739 1152 787 domina
1176 747 1265 798 est,
1290 747 1340 786 et
1374 739 1435 786 ab
1469 739 1553 786 illa
1576 745 1752 803 pater,
1770 738 1850 787 vel

178 803 257 865 {33ss
270 794 398 866 3233?
415 797 445 822 et
462 816 584 864 alius
609 815 849 878 quispiam
879 816 989 878 jure
1019 815 1265 870 derivato;
1301 814 1612 862 manifestum
1635 821 1724 873 est,
1747 830 1850 862 non

461 890 621 939 minus
646 889 832 937 liberos
855 890 948 938 illis
973 906 1078 938 esse
1112 891 1354 953 subjectos
1391 906 1420 937 a
1455 890 1629 952 quibus
1651 889 1850 938 aluntur

463 973 513 1014 et
544 966 829 1025 educantur,
868 982 1014 1028 quam
1053 966 1186 1013 servi
1212 965 1436 1023 dominis,
1458 966 1537 1013 vel
1568 964 1758 1013 subditi
1779 965 1850 1013 illi

464 1042 549 1106 qui
594 1058 821 1089 summum
854 1042 1004 1089 habet
1044 1042 1302 1106 imperinm
1339 1042 1392 1089 in
1430 1041 1656 1096 eivitate3
1691 1055 1850 1103 neque

462 1133 605 1180 posse
620 1123 902 1182 parentem,
920 1117 1150 1180 quamdiu
1174 1118 1225 1164 in
1244 1118 1347 1180 ejus
1370 1123 1614 1180 potestate
1632 1123 1721 1176 est,
1728 1115 1850 1178 filio

463 1193 698 1255 injurium
737 1208 856 1240 esse.
934 1193 1095 1240 Etiam
1137 1193 1437 1256 subjectione
1483 1192 1657 1240 iisdem
1692 1191 1851 1240 modis

447 1267 598 1330 filins
615 1267 864 1324 liberatur,
889 1268 1064 1330 quibus
1088 1268 1315 1316 subditus
1339 1274 1389 1315 et
1411 1283 1598 1315 servas.
1666 1266 1851 1315 Eadem

466 1342 597 1389 enim
627 1358 705 1389 res
740 1350 814 1389 est
861 1342 1191 1407 emancipatio
1229 1359 1341 1390 eum
1377 1341 1766 1401 manumissione,
1802 1348 1853 1390 et

468 1416 726 1464 abdicatio
746 1433 858 1464 cum
881 1417 1076 1464 easiliO.

221 1501 388 1530 D0110¹10re
537 1497 583 1540 8.
608 1491 1041 1556 Patremfamilias
1065 1491 1580 1556 emancipata-§flliuffi
1595 1492 1672 1540 vel
1689 1508 1854 1540 mann-

219 1548 452 1616 Effifofflffimm.
470 1567 647 1615 missus
673 1584 860 1626 servus,
884 1568 1128 1630 privatum
1152 1568 1254 1629 jam
1276 1567 1435 1629 patria
1457 1575 1507 1614 et
1527 1567 1668 1615 herili
1689 1575 1853 1631 potes-

464 1650 567 1691 tate
590 1643 750 1690 minus
771 1649 1015 1701 metuunt,
1040 1650 1105 1698 et,
1126 1642 1167 1689 si
1185 1642 1381 1705 quidem
1402 1657 1543 1689 verus
1568 1652 1617 1690 et
1633 1642 1854 1690 internus

466 1724 713 1781 spectetur
736 1718 906 1777 honor,
926 1718 1086 1765 minus
1122 1717 1367 1765 honorant
1403 1733 1548 1780 quam
1570 1724 1700 1766 ante.
1767 1718 1856 1766 Est

466 1793 597 1842 enim
620 1794 774 1841 honor
797 1793 920 1840 nihil
942 1793 1089 1851 aliud,
1110 1808 1255 1856 quam
1277 1792 1512 1856 potentiae
1533 1786 1704 1841 alienae
1727 1793 1856 1841 aesti-

466 1869 616 1917 matio
629 1890 640 1924 3
659 1868 866 1931 ideoque
882 1868 961 1915 cui
975 1868 1134 1915 minus
1147 1868 1381 1931 potentiae
1396 1875 1486 1927 est,
1494 1868 1653 1916 minus
1667 1883 1858 1931 semper

467 1951 542 1992 est
559 1944 775 1991 lionoris.
829 1943 942 1990 Non
958 1950 1030 1991 est
1046 1950 1210 1990 autem
1223 1942 1498 2006 putandum
1519 1943 1858 1991 manumitten-

470 2027 566 2067 tem
603 2019 961 2076 manumissam,
998 2018 1077 2066 vel
1107 2018 1465 2082 emancipatem
1499 2018 1858 2083 emancipatum

468 2095 539 2142 ita
554 2094 764 2142 voluisse
785 2094 877 2141 sibi
900 2110 1109 2157 aequare,
1127 2101 1186 2141 ut
1202 2109 1264 2140 ne
1282 2093 1507 2141 beneficii
1526 2093 1722 2157 quidem
1743 2108 1856 2141 reus

471 2178 614 2230 esset,
640 2170 726 2218 sed
749 2170 801 2218 in
826 2170 1049 2217 omnibus
1082 2185 1133 2216 se
1172 2176 1365 2232 gereret
1401 2177 1636 2232 tanquam
1657 2167 1857 2231 aequalis

472 2246 563 2294 sibi
587 2252 728 2293 esset.
798 2245 1178 2308 Intelligendum
1212 2245 1363 2308 igitur
1399 2260 1589 2308 semper
1618 2250 1706 2302 est,
1727 2259 1855 2302 eum,

472 2322 557 2384 qui
573 2321 809 2369 liberatur
828 2321 1143 2384 subjectione,
1169 2320 1269 2368 sive
1293 2320 1355 2367 sit
1373 2335 1559 2378 servm,
1584 2319 1682 2366 sive
1689 2318 1854 2381 filias,

472 2397 572 2444 sive
593 2396 788 2444 colonia
812 2396 990 2458 aliqua,
1005 2396 1292 2459 promittere
1313 2395 1485 2443 saltem
1503 2401 1704 2442 externa
1719 2394 1858 2457 signa

454 2472 653 2531 omnia,
694 2471 870 2534 quibus
919 2471 1190 2534 superiores
1233 2471 1293 2517 ab
1336 2469 1643 2517 inferioribus
1701 2469 1858 2517 solent

473 2547 729 2596 honorari.
797 2547 872 2595 Ex
910 2562 1005 2609 quo
1043 2546 1276 2609 sequitur,
1312 2550 1612 2608 praeceptum
1640 2543 1763 2591 illud
1796 2544 1858 2592 de

464 2622 768 2688 parentibus
802 2622 1106 2670 honorandis
1142 2637 1246 2669 esse
1287 2620 1419 2685 legis
1452 2618 1718 2678 naturalis,
1758 2635 1859 2667 non

473 2698 620 2746 modo
644 2698 732 2745 sub
756 2697 900 2745 titulo
920 2696 1272 2762 gratitudinis,
1300 2695 1386 2743 sed
1408 2694 1555 2742 etiam
1571 2694 1843 2758 pactionis.

541 2779 587 2820 9.
626 2773 864 2821 Quaenam
895 2788 1011 2834 ergo
1042 2778 1130 2830 est,
1156 2778 1339 2834 quaeret
1373 2770 1559 2832 aliquiS,
1583 2769 1713 2817 inter
1737 2769 1858 2818 libe-

473 2863 595 2906 ram,
620 2847 697 2895 vel
715 2847 844 2895 inter
863 2846 1027 2905 civem,
1045 2853 1094 2894 et
1110 2861 1300 2893 servam
1317 2844 1592 2893 differentia
1611 2844 1626 2891 ?
1685 2844 1858 2907 Neque
