<?xml version="1.0" encoding="UTF-8"?>
<!DOCTYPE html PUBLIC "-//W3C//DTD XHTML 1.0 Transitional//EN"
    "http://www.w3.org/TR/xhtml1/DTD/xhtml1-transitional.dtd">
<html xmlns="http://www.w3.org/1999/xhtml" xml:lang="en" lang="en">
 <head>
  <title>
</title>
<meta http-equiv="Content-Type" content="text/html;charset=utf-8" />
  <meta name='ocr-system' content='tesseract 3.04.00' />
  <meta name='ocr-capabilities' content='ocr_page ocr_carea ocr_par ocr_line ocrx_word'/>
</head>
<body>
  <div class='ocr_page' id='page_1' title='image "./operaphilosophic02hobbuoft_0351.png"; bbox 0 0 2020 3262; ppageno 0'>
   <div class='ocr_carea' id='block_1_1' title="bbox 431 242 1563 295">
    <p class='ocr_par' dir='ltr' id='par_1_1' title="bbox 431 242 1563 295">
     <span class='ocr_line' id='line_1_1' title="bbox 431 242 1563 295; baseline 0.002 -8"><span class='ocrx_word' id='word_1_1' title='bbox 431 253 503 287; x_wconf 83' lang='lat' dir='ltr'>DE</span> <span class='ocrx_word' id='word_1_2' title='bbox 533 253 720 287; x_wconf 78' lang='lat' dir='ltr'>REGNo</span> <span class='ocrx_word' id='word_1_3' title='bbox 750 253 846 286; x_wconf 78' lang='lat' dir='ltr'>nm</span> <span class='ocrx_word' id='word_1_4' title='bbox 874 252 981 286; x_wconf 85' lang='lat' dir='ltr'>PER</span> <span class='ocrx_word' id='word_1_5' title='bbox 1007 253 1298 286; x_wconf 84' lang='lat' dir='ltr'><strong>NATURAM.</strong></span> <span class='ocrx_word' id='word_1_6' title='bbox 1466 242 1563 295; x_wconf 87' lang='lat'>337</span> 
     </span>
    </p>
   </div>
   <div class='ocr_carea' id='block_1_2' title="bbox 156 365 1850 2938">
    <p class='ocr_par' dir='ltr' id='par_1_2' title="bbox 156 365 1842 492">
     <span class='ocr_line' id='line_1_2' title="bbox 156 365 1822 432; baseline 0 -18"><span class='ocrx_word' id='word_1_7' title='bbox 156 366 519 430; x_wconf 87' lang='lat' dir='ltr'>providentiam</span> <span class='ocrx_word' id='word_1_8' title='bbox 541 367 935 432; x_wconf 86' lang='lat' dir='ltr'>agnoscentibus,</span> <span class='ocrx_word' id='word_1_9' title='bbox 953 382 1049 414; x_wconf 91' lang='lat' dir='ltr'>non</span> <span class='ocrx_word' id='word_1_10' title='bbox 1067 382 1178 414; x_wconf 76' lang='lat' dir='ltr'>esse</span> <span class='ocrx_word' id='word_1_11' title='bbox 1193 365 1563 415; x_wconf 65' lang='lat' dir='ltr'>calcitrantium</span> <span class='ocrx_word' id='word_1_12' title='bbox 1603 389 1732 422; x_wconf 72' lang='lat' dir='ltr'>SEc-r,</span> <span class='ocrx_word' id='word_1_13' title='bbox 1753 388 1822 422; x_wconf 82' lang='lat'>111,</span> 
     </span>
     <span class='ocr_line' id='line_1_3' title="bbox 159 440 1842 492; baseline -0.001 -3"><span class='ocrx_word' id='word_1_14' title='bbox 159 449 341 491; x_wconf 82' lang='lat' dir='ltr'>contra</span> <span class='ocrx_word' id='word_1_15' title='bbox 364 444 629 492; x_wconf 76' lang='lat' dir='ltr'>stimulum.</span> <span class='ocrx_word' id='word_1_16' title='bbox 1691 440 1740 471; x_wconf 82' lang='lat'>15·</span> <span class='ocrx_word' id='word_1_17' title='bbox 1839 485 1842 488; x_wconf 13' lang='grc' dir='ltr'><em>Δ</em></span> 
     </span>
    </p>

    <p class='ocr_par' dir='ltr' id='par_1_3' title="bbox 157 517 1850 1714">
     <span class='ocr_line' id='line_1_4' title="bbox 228 517 1809 584; baseline -0.004 -17"><span class='ocrx_word' id='word_1_18' title='bbox 228 524 274 567; x_wconf 90' lang='grc'>8.</span> <span class='ocrx_word' id='word_1_19' title='bbox 319 520 568 570; x_wconf 77' lang='lat' dir='ltr'>Quoniam</span> <span class='ocrx_word' id='word_1_20' title='bbox 613 519 811 569; x_wconf 82' lang='lat' dir='ltr'>verbum</span> <span class='ocrx_word' id='word_1_21' title='bbox 858 518 963 566; x_wconf 83' lang='lat' dir='ltr'>Dei</span> <span class='ocrx_word' id='word_1_22' title='bbox 1002 534 1093 582; x_wconf 91' lang='lat' dir='ltr'>per</span> <span class='ocrx_word' id='word_1_23' title='bbox 1136 525 1368 566; x_wconf 88' lang='lat' dir='ltr'>naturam</span> <span class='ocrx_word' id='word_1_24' title='bbox 1405 517 1563 564; x_wconf 88' lang='lat' dir='ltr'>solam</span> <span class='ocrx_word' id='word_1_25' title='bbox 1581 533 1809 584; x_wconf 45' lang='lat' dir='ltr'>LegesDeiin.</span> 
     </span>
     <span class='ocr_line' id='line_1_5' title="bbox 158 575 1811 659; baseline -0.002 -17"><span class='ocrx_word' id='word_1_26' title='bbox 158 596 428 659; x_wconf 86' lang='lat' dir='ltr'>regnantis,</span> <span class='ocrx_word' id='word_1_27' title='bbox 480 596 615 644; x_wconf 89' lang='lat' dir='ltr'>aliud</span> <span class='ocrx_word' id='word_1_28' title='bbox 659 611 760 643; x_wconf 90' lang='lat' dir='ltr'>non</span> <span class='ocrx_word' id='word_1_29' title='bbox 806 594 1099 658; x_wconf 86' lang='lat' dir='ltr'>supponitur</span> <span class='ocrx_word' id='word_1_30' title='bbox 1142 600 1325 658; x_wconf 87' lang='lat' dir='ltr'>praeter</span> <span class='ocrx_word' id='word_1_31' title='bbox 1375 599 1564 639; x_wconf 89' lang='lat' dir='ltr'>rectam</span> <span class='ocrx_word' id='word_1_32' title='bbox 1579 575 1811 657; x_wconf 53' lang='lat' dir='ltr'>{Zffl‘ssssffffl</span> 
     </span>
     <span class='ocr_line' id='line_1_6' title="bbox 158 663 1850 743; baseline -0.002 -24"><span class='ocrx_word' id='word_1_33' title='bbox 158 670 431 728; x_wconf 86' lang='lat' dir='ltr'>rationem3</span> <span class='ocrx_word' id='word_1_34' title='bbox 468 671 601 735; x_wconf 86' lang='lat' dir='ltr'>leges</span> <span class='ocrx_word' id='word_1_35' title='bbox 625 678 790 719; x_wconf 89' lang='lat' dir='ltr'>autem</span> <span class='ocrx_word' id='word_1_36' title='bbox 812 686 987 734; x_wconf 84' lang='lat' dir='ltr'>regum</span> <span class='ocrx_word' id='word_1_37' title='bbox 1011 670 1073 718; x_wconf 91' lang='lat' dir='ltr'>ab</span> <span class='ocrx_word' id='word_1_38' title='bbox 1092 685 1263 718; x_wconf 89' lang='lat' dir='ltr'>eorum</span> <span class='ocrx_word' id='word_1_39' title='bbox 1286 667 1435 717; x_wconf 81' lang='lat' dir='ltr'>verbo</span> <span class='ocrx_word' id='word_1_40' title='bbox 1460 667 1563 716; x_wconf 92' lang='lat' dir='ltr'>solo</span> <span class='ocrx_word' id='word_1_41' title='bbox 1581 663 1850 743; x_wconf 50' lang='lat' dir='ltr'>{iffissfflfgff</span> 
     </span>
     <span class='ocr_line' id='line_1_7' title="bbox 158 743 1801 811; baseline -0.003 -16"><span class='ocrx_word' id='word_1_42' title='bbox 158 747 392 810; x_wconf 82' lang='lat' dir='ltr'>cognosci</span> <span class='ocrx_word' id='word_1_43' title='bbox 426 754 665 811; x_wconf 83' lang='lat' dir='ltr'>possunt3</span> <span class='ocrx_word' id='word_1_44' title='bbox 705 746 1018 794; x_wconf 88' lang='lat' dir='ltr'>manifestum</span> <span class='ocrx_word' id='word_1_45' title='bbox 1058 752 1133 794; x_wconf 89' lang='lat' dir='ltr'>est</span> <span class='ocrx_word' id='word_1_46' title='bbox 1167 745 1300 808; x_wconf 86' lang='lat' dir='ltr'>leges</span> <span class='ocrx_word' id='word_1_47' title='bbox 1332 743 1440 802; x_wconf 91' lang='lat' dir='ltr'>Dei,</span> <span class='ocrx_word' id='word_1_48' title='bbox 1476 759 1566 807; x_wconf 91' lang='lat' dir='ltr'>per</span> <span class='ocrx_word' id='word_1_49' title='bbox 1581 750 1709 778; x_wconf 67' lang='lat' dir='ltr'>recitatae</span> <span class='ocrx_word' id='word_1_50' title='bbox 1723 753 1801 778; x_wconf 71' lang='lat' dir='ltr'>sum„</span> 
     </span>
     <span class='ocr_line' id='line_1_8' title="bbox 158 819 1564 887; baseline -0.004 -16"><span class='ocrx_word' id='word_1_51' title='bbox 158 822 313 870; x_wconf 84' lang='lat' dir='ltr'>solam</span> <span class='ocrx_word' id='word_1_52' title='bbox 327 830 555 871; x_wconf 88' lang='lat' dir='ltr'>naturam</span> <span class='ocrx_word' id='word_1_53' title='bbox 570 822 835 887; x_wconf 86' lang='lat' dir='ltr'>regnantis,</span> <span class='ocrx_word' id='word_1_54' title='bbox 851 822 979 870; x_wconf 88' lang='lat' dir='ltr'>solas</span> <span class='ocrx_word' id='word_1_55' title='bbox 995 837 1100 870; x_wconf 87' lang='lat' dir='ltr'>esse</span> <span class='ocrx_word' id='word_1_56' title='bbox 1116 821 1258 886; x_wconf 75' lang='lat' dir='ltr'>leges</span> <span class='ocrx_word' id='word_1_57' title='bbox 1273 819 1537 868; x_wconf 72' lang='lat' dir='ltr'><em>naturales</em></span> <span class='ocrx_word' id='word_1_58' title='bbox 1545 837 1564 874; x_wconf 90' lang='lat'><em>;</em></span> 
     </span>
     <span class='ocr_line' id='line_1_9' title="bbox 157 896 1564 963; baseline -0.004 -17"><span class='ocrx_word' id='word_1_59' title='bbox 157 913 334 962; x_wconf 85' lang='lat' dir='ltr'>nempe</span> <span class='ocrx_word' id='word_1_60' title='bbox 348 898 470 958; x_wconf 86' lang='lat' dir='ltr'>illas,</span> <span class='ocrx_word' id='word_1_61' title='bbox 488 915 608 962; x_wconf 89' lang='lat' dir='ltr'>quas</span> <span class='ocrx_word' id='word_1_62' title='bbox 627 899 869 963; x_wconf 84' lang='lat' dir='ltr'>capitibus</span> <span class='ocrx_word' id='word_1_63' title='bbox 890 897 1105 946; x_wconf 89' lang='lat' dir='ltr'>secundo</span> <span class='ocrx_word' id='word_1_64' title='bbox 1122 904 1172 945; x_wconf 92' lang='lat' dir='ltr'>et</span> <span class='ocrx_word' id='word_1_65' title='bbox 1195 896 1344 944; x_wconf 86' lang='lat' dir='ltr'>tertio</span> <span class='ocrx_word' id='word_1_66' title='bbox 1364 911 1564 942; x_wconf 88' lang='lat' dir='ltr'>enume-</span> 
     </span>
     <span class='ocr_line' id='line_1_10' title="bbox 157 970 1565 1032; baseline -0.003 -10"><span class='ocrx_word' id='word_1_67' title='bbox 157 973 389 1032; x_wconf 85' lang='lat' dir='ltr'>ravimus,</span> <span class='ocrx_word' id='word_1_68' title='bbox 414 982 466 1023; x_wconf 92' lang='lat' dir='ltr'>et</span> <span class='ocrx_word' id='word_1_69' title='bbox 514 991 545 1023; x_wconf 91' lang='lat' dir='ltr'>a</span> <span class='ocrx_word' id='word_1_70' title='bbox 581 974 785 1022; x_wconf 88' lang='lat' dir='ltr'>rationis</span> <span class='ocrx_word' id='word_1_71' title='bbox 825 973 1020 1022; x_wconf 90' lang='lat' dir='ltr'>dictatis</span> <span class='ocrx_word' id='word_1_72' title='bbox 1056 973 1364 1029; x_wconf 85' lang='lat' dir='ltr'>deduximus,</span> <span class='ocrx_word' id='word_1_73' title='bbox 1408 970 1565 1019; x_wconf 77' lang='lat' dir='ltr'>hnmi-</span> 
     </span>
     <span class='ocr_line' id='line_1_11' title="bbox 159 1048 1565 1114; baseline -0.003 -16"><span class='ocrx_word' id='word_1_74' title='bbox 159 1049 372 1110; x_wconf 82' lang='lat' dir='ltr'>litatem,</span> <span class='ocrx_word' id='word_1_75' title='bbox 397 1050 699 1114; x_wconf 79' lang='lat' dir='ltr'>oequitatem,</span> <span class='ocrx_word' id='word_1_76' title='bbox 730 1049 1005 1112; x_wconf 72' lang='lat' dir='ltr'>justitiam,</span> <span class='ocrx_word' id='word_1_77' title='bbox 1030 1048 1446 1106; x_wconf 74' lang='lat' dir='ltr'>misericordiam,</span> <span class='ocrx_word' id='word_1_78' title='bbox 1472 1063 1565 1095; x_wconf 87' lang='lat' dir='ltr'>cae-</span> 
     </span>
     <span class='ocr_line' id='line_1_12' title="bbox 159 1124 1564 1189; baseline -0.001 -16"><span class='ocrx_word' id='word_1_79' title='bbox 159 1133 388 1188; x_wconf 88' lang='lat' dir='ltr'>terasque</span> <span class='ocrx_word' id='word_1_80' title='bbox 411 1126 624 1174; x_wconf 74' lang='lat' dir='ltr'>virtutes</span> <span class='ocrx_word' id='word_1_81' title='bbox 643 1125 860 1172; x_wconf 75' lang='lat' dir='ltr'>morales</span> <span class='ocrx_word' id='word_1_82' title='bbox 875 1125 1031 1189; x_wconf 74' lang='lat' dir='ltr'>pacis</span> <span class='ocrx_word' id='word_1_83' title='bbox 1057 1124 1430 1182; x_wconf 85' lang='lat' dir='ltr'>conciliatrices,</span> <span class='ocrx_word' id='word_1_84' title='bbox 1453 1140 1564 1187; x_wconf 90' lang='lat' dir='ltr'>quae</span> 
     </span>
     <span class='ocr_line' id='line_1_13' title="bbox 157 1200 1565 1265; baseline -0.001 -16"><span class='ocrx_word' id='word_1_85' title='bbox 157 1200 410 1265; x_wconf 85' lang='lat' dir='ltr'>pertinent</span> <span class='ocrx_word' id='word_1_86' title='bbox 443 1201 508 1249; x_wconf 88' lang='lat' dir='ltr'>ad</span> <span class='ocrx_word' id='word_1_87' title='bbox 547 1201 707 1249; x_wconf 91' lang='lat' dir='ltr'>officia</span> <span class='ocrx_word' id='word_1_88' title='bbox 742 1200 996 1248; x_wconf 88' lang='lat' dir='ltr'>hominum</span> <span class='ocrx_word' id='word_1_89' title='bbox 1021 1216 1140 1264; x_wconf 83' lang='lat' dir='ltr'>erga</span> <span class='ocrx_word' id='word_1_90' title='bbox 1163 1217 1213 1248; x_wconf 88' lang='lat' dir='ltr'>se</span> <span class='ocrx_word' id='word_1_91' title='bbox 1236 1200 1476 1255; x_wconf 82' lang='lat' dir='ltr'>invicem3</span> <span class='ocrx_word' id='word_1_92' title='bbox 1515 1206 1565 1247; x_wconf 89' lang='lat' dir='ltr'>et</span> 
     </span>
     <span class='ocr_line' id='line_1_14' title="bbox 159 1276 1566 1341; baseline -0.001 -17"><span class='ocrx_word' id='word_1_93' title='bbox 159 1276 283 1336; x_wconf 89' lang='lat' dir='ltr'>illas,</span> <span class='ocrx_word' id='word_1_94' title='bbox 327 1293 448 1341; x_wconf 88' lang='lat' dir='ltr'>quas</span> <span class='ocrx_word' id='word_1_95' title='bbox 483 1277 610 1324; x_wconf 89' lang='lat' dir='ltr'>ratio</span> <span class='ocrx_word' id='word_1_96' title='bbox 649 1283 787 1324; x_wconf 88' lang='lat' dir='ltr'>recta</span> <span class='ocrx_word' id='word_1_97' title='bbox 824 1276 1086 1334; x_wconf 87' lang='lat' dir='ltr'>dictaverit</span> <span class='ocrx_word' id='word_1_98' title='bbox 1126 1284 1383 1340; x_wconf 80' lang='lat' dir='ltr'>praeterea,</span> <span class='ocrx_word' id='word_1_99' title='bbox 1432 1276 1566 1323; x_wconf 89' lang='lat' dir='ltr'>circa</span> 
     </span>
     <span class='ocr_line' id='line_1_15' title="bbox 157 1351 1566 1415; baseline -0.001 -15"><span class='ocrx_word' id='word_1_100' title='bbox 157 1353 396 1401; x_wconf 91' lang='lat' dir='ltr'>honorem</span> <span class='ocrx_word' id='word_1_101' title='bbox 430 1359 480 1400; x_wconf 91' lang='lat' dir='ltr'>et</span> <span class='ocrx_word' id='word_1_102' title='bbox 514 1353 698 1401; x_wconf 91' lang='lat' dir='ltr'>cultum</span> <span class='ocrx_word' id='word_1_103' title='bbox 735 1352 913 1400; x_wconf 87' lang='lat' dir='ltr'>divinae</span> <span class='ocrx_word' id='word_1_104' title='bbox 945 1352 1232 1415; x_wconf 87' lang='lat' dir='ltr'>majestatis.</span> <span class='ocrx_word' id='word_1_105' title='bbox 1306 1352 1431 1400; x_wconf 76' lang='lat' dir='ltr'>Quae</span> <span class='ocrx_word' id='word_1_106' title='bbox 1467 1351 1566 1399; x_wconf 90' lang='lat' dir='ltr'>sint</span> 
     </span>
     <span class='ocr_line' id='line_1_16' title="bbox 158 1427 1567 1493; baseline 0 -17"><span class='ocrx_word' id='word_1_107' title='bbox 158 1427 255 1477; x_wconf 86' lang='lat' dir='ltr'>illae</span> <span class='ocrx_word' id='word_1_108' title='bbox 280 1427 422 1493; x_wconf 77' lang='lat' dir='ltr'>leges</span> <span class='ocrx_word' id='word_1_109' title='bbox 445 1428 727 1487; x_wconf 61' lang='lat' dir='ltr'>naturale-9,</span> <span class='ocrx_word' id='word_1_110' title='bbox 753 1428 853 1476; x_wconf 87' lang='lat' dir='ltr'>sive</span> <span class='ocrx_word' id='word_1_111' title='bbox 878 1428 1090 1476; x_wconf 75' lang='lat' dir='ltr'>virtutes</span> <span class='ocrx_word' id='word_1_112' title='bbox 1115 1427 1348 1486; x_wconf 72' lang='lat' dir='ltr'>moraleS,</span> <span class='ocrx_word' id='word_1_113' title='bbox 1367 1443 1467 1475; x_wconf 91' lang='lat' dir='ltr'>non</span> <span class='ocrx_word' id='word_1_114' title='bbox 1492 1435 1567 1476; x_wconf 90' lang='lat' dir='ltr'>est</span> 
     </span>
     <span class='ocr_line' id='line_1_17' title="bbox 159 1503 1567 1568; baseline -0.001 -15"><span class='ocrx_word' id='word_1_115' title='bbox 159 1520 282 1568; x_wconf 90' lang='lat' dir='ltr'>opus</span> <span class='ocrx_word' id='word_1_116' title='bbox 305 1510 542 1568; x_wconf 89' lang='lat' dir='ltr'>repetere.</span> <span class='ocrx_word' id='word_1_117' title='bbox 615 1503 752 1553; x_wconf 77' lang='lat' dir='ltr'>Quos</span> <span class='ocrx_word' id='word_1_118' title='bbox 775 1504 987 1551; x_wconf 86' lang='lat' dir='ltr'>honores</span> <span class='ocrx_word' id='word_1_119' title='bbox 1011 1511 1194 1559; x_wconf 90' lang='lat' dir='ltr'>autem,</span> <span class='ocrx_word' id='word_1_120' title='bbox 1221 1510 1269 1551; x_wconf 89' lang='lat' dir='ltr'>et</span> <span class='ocrx_word' id='word_1_121' title='bbox 1295 1519 1442 1566; x_wconf 92' lang='lat' dir='ltr'>quem</span> <span class='ocrx_word' id='word_1_122' title='bbox 1466 1504 1567 1551; x_wconf 90' lang='lat' dir='ltr'>cul-</span> 
     </span>
     <span class='ocr_line' id='line_1_18' title="bbox 159 1578 1566 1644; baseline -0.001 -15"><span class='ocrx_word' id='word_1_123' title='bbox 159 1587 267 1629; x_wconf 92' lang='lat' dir='ltr'>tum</span> <span class='ocrx_word' id='word_1_124' title='bbox 292 1579 529 1639; x_wconf 89' lang='lat' dir='ltr'>divinum,</span> <span class='ocrx_word' id='word_1_125' title='bbox 554 1579 607 1627; x_wconf 91' lang='lat' dir='ltr'>id</span> <span class='ocrx_word' id='word_1_126' title='bbox 630 1586 721 1637; x_wconf 89' lang='lat' dir='ltr'>est,</span> <span class='ocrx_word' id='word_1_127' title='bbox 747 1595 868 1643; x_wconf 92' lang='lat' dir='ltr'>quas</span> <span class='ocrx_word' id='word_1_128' title='bbox 888 1579 1030 1644; x_wconf 76' lang='lat' dir='ltr'>leges</span> <span class='ocrx_word' id='word_1_129' title='bbox 1054 1594 1235 1627; x_wconf 72' lang='lat' dir='ltr'>sacras</span> <span class='ocrx_word' id='word_1_130' title='bbox 1268 1578 1439 1627; x_wconf 88' lang='lat' dir='ltr'>eadem</span> <span class='ocrx_word' id='word_1_131' title='bbox 1464 1579 1566 1627; x_wconf 92' lang='lat' dir='ltr'>dic-</span> 
     </span>
     <span class='ocr_line' id='line_1_19' title="bbox 160 1655 1099 1714; baseline -0.003 -9"><span class='ocrx_word' id='word_1_132' title='bbox 160 1663 235 1706; x_wconf 89' lang='lat' dir='ltr'>tet</span> <span class='ocrx_word' id='word_1_133' title='bbox 257 1656 395 1704; x_wconf 78' lang='lat' dir='ltr'>ratio</span> <span class='ocrx_word' id='word_1_134' title='bbox 419 1655 692 1714; x_wconf 50' lang='lat' dir='ltr'>naturali&amp;</span> <span class='ocrx_word' id='word_1_135' title='bbox 716 1655 984 1703; x_wconf 90' lang='lat' dir='ltr'>videndum</span> <span class='ocrx_word' id='word_1_136' title='bbox 1009 1663 1099 1703; x_wconf 89' lang='lat' dir='ltr'>est.</span> 
     </span>
    </p>

    <p class='ocr_par' dir='ltr' id='par_1_4' title="bbox 160 1730 1850 2938">
     <span class='ocr_line' id='line_1_20' title="bbox 227 1730 1842 1807; baseline 0 -27"><span class='ocrx_word' id='word_1_137' title='bbox 227 1737 276 1780; x_wconf 90' lang='lat'>9.</span> <span class='ocrx_word' id='word_1_138' title='bbox 314 1732 542 1791; x_wconf 83' lang='lat' dir='ltr'>HONOR,</span> <span class='ocrx_word' id='word_1_139' title='bbox 583 1731 785 1795; x_wconf 89' lang='lat' dir='ltr'>proprie</span> <span class='ocrx_word' id='word_1_140' title='bbox 829 1730 1095 1794; x_wconf 92' lang='lat' dir='ltr'>loquendo,</span> <span class='ocrx_word' id='word_1_141' title='bbox 1137 1730 1262 1778; x_wconf 90' lang='lat' dir='ltr'>nihil</span> <span class='ocrx_word' id='word_1_142' title='bbox 1307 1730 1444 1778; x_wconf 90' lang='lat' dir='ltr'>aliud</span> <span class='ocrx_word' id='word_1_143' title='bbox 1491 1738 1566 1780; x_wconf 88' lang='lat' dir='ltr'>est</span> <span class='ocrx_word' id='word_1_144' title='bbox 1583 1735 1766 1807; x_wconf 49' lang='lat' dir='ltr'>{l&#39;ffiessm</span> <span class='ocrx_word' id='word_1_145' title='bbox 1784 1778 1842 1807; x_wconf 59' lang='lat' dir='ltr'>sim</span> 
     </span>
     <span class='ocr_line' id='line_1_21' title="bbox 163 1789 1850 1872; baseline 0.001 -17"><span class='ocrx_word' id='word_1_146' title='bbox 163 1823 312 1872; x_wconf 89' lang='lat' dir='ltr'>quam</span> <span class='ocrx_word' id='word_1_147' title='bbox 335 1807 501 1871; x_wconf 92' lang='lat' dir='ltr'>opinio</span> <span class='ocrx_word' id='word_1_148' title='bbox 525 1807 698 1855; x_wconf 88' lang='lat' dir='ltr'>alienae</span> <span class='ocrx_word' id='word_1_149' title='bbox 712 1807 961 1872; x_wconf 78' lang='lat' dir='ltr'>potentioe</span> <span class='ocrx_word' id='word_1_150' title='bbox 990 1808 1267 1871; x_wconf 89' lang='lat' dir='ltr'>conjunctae</span> <span class='ocrx_word' id='word_1_151' title='bbox 1292 1825 1404 1856; x_wconf 93' lang='lat' dir='ltr'>cum</span> <span class='ocrx_word' id='word_1_152' title='bbox 1430 1808 1566 1856; x_wconf 82' lang='lat' dir='ltr'>boni-</span> <span class='ocrx_word' id='word_1_153' title='bbox 1583 1789 1599 1808; x_wconf 65' lang='lat' dir='ltr'><strong>c</strong></span> <span class='ocrx_word' id='word_1_154' title='bbox 1694 1789 1714 1818; x_wconf 72' lang='lat' dir='ltr'>q</span> <span class='ocrx_word' id='word_1_155' title='bbox 1843 1799 1850 1806; x_wconf 62' lang='grc'><strong><em>’</em></strong></span> 
     </span>
     <span class='ocr_line' id='line_1_22' title="bbox 162 1882 1566 1947; baseline 0 -16"><span class='ocrx_word' id='word_1_156' title='bbox 162 1889 287 1931; x_wconf 83' lang='lat' dir='ltr'>tate.</span> <span class='ocrx_word' id='word_1_157' title='bbox 356 1883 422 1930; x_wconf 92' lang='lat' dir='ltr'>Et</span> <span class='ocrx_word' id='word_1_158' title='bbox 455 1882 705 1930; x_wconf 79' lang='lat' dir='ltr'>honorare</span> <span class='ocrx_word' id='word_1_159' title='bbox 733 1882 961 1946; x_wconf 82' lang='lat' dir='ltr'>aliquem,</span> <span class='ocrx_word' id='word_1_160' title='bbox 987 1882 1119 1930; x_wconf 88' lang='lat' dir='ltr'>idem</span> <span class='ocrx_word' id='word_1_161' title='bbox 1143 1890 1218 1930; x_wconf 92' lang='lat' dir='ltr'>est</span> <span class='ocrx_word' id='word_1_162' title='bbox 1243 1883 1375 1946; x_wconf 91' lang='lat' dir='ltr'>quod</span> <span class='ocrx_word' id='word_1_163' title='bbox 1398 1884 1566 1947; x_wconf 85' lang='lat' dir='ltr'>magni</span> 
     </span>
     <span class='ocr_line' id='line_1_23' title="bbox 162 1958 1566 2018; baseline 0.001 -11"><span class='ocrx_word' id='word_1_164' title='bbox 162 1958 424 2008; x_wconf 88' lang='lat' dir='ltr'>aestimare.</span> <span class='ocrx_word' id='word_1_165' title='bbox 491 1958 556 2005; x_wconf 92' lang='lat' dir='ltr'>Et</span> <span class='ocrx_word' id='word_1_166' title='bbox 590 1958 660 2006; x_wconf 91' lang='lat' dir='ltr'>sic</span> <span class='ocrx_word' id='word_1_167' title='bbox 695 1958 853 2005; x_wconf 93' lang='lat' dir='ltr'>honor</span> <span class='ocrx_word' id='word_1_168' title='bbox 887 1974 988 2006; x_wconf 91' lang='lat' dir='ltr'>non</span> <span class='ocrx_word' id='word_1_169' title='bbox 1023 1958 1075 2006; x_wconf 91' lang='lat' dir='ltr'>in</span> <span class='ocrx_word' id='word_1_170' title='bbox 1106 1958 1367 2018; x_wconf 68' lang='lat' dir='ltr'>honoram,</span> <span class='ocrx_word' id='word_1_171' title='bbox 1392 1959 1478 2007; x_wconf 90' lang='lat' dir='ltr'>sed</span> <span class='ocrx_word' id='word_1_172' title='bbox 1513 1960 1566 2008; x_wconf 92' lang='lat' dir='ltr'>in</span> 
     </span>
     <span class='ocr_line' id='line_1_24' title="bbox 161 2034 1566 2099; baseline 0.001 -17"><span class='ocrx_word' id='word_1_173' title='bbox 161 2035 437 2083; x_wconf 80' lang='lat' dir='ltr'>honorante</span> <span class='ocrx_word' id='word_1_174' title='bbox 460 2040 552 2083; x_wconf 75' lang='lat' dir='ltr'>est.</span> <span class='ocrx_word' id='word_1_175' title='bbox 622 2034 878 2082; x_wconf 80' lang='lat' dir='ltr'>Honorem</span> <span class='ocrx_word' id='word_1_176' title='bbox 901 2041 1066 2082; x_wconf 90' lang='lat' dir='ltr'>autem</span> <span class='ocrx_word' id='word_1_177' title='bbox 1090 2034 1142 2082; x_wconf 92' lang='lat' dir='ltr'>in</span> <span class='ocrx_word' id='word_1_178' title='bbox 1166 2035 1396 2099; x_wconf 90' lang='lat' dir='ltr'>opinione</span> <span class='ocrx_word' id='word_1_179' title='bbox 1415 2036 1566 2083; x_wconf 91' lang='lat' dir='ltr'>situm</span> 
     </span>
     <span class='ocr_line' id='line_1_25' title="bbox 161 2110 1565 2175; baseline -0.001 -15"><span class='ocrx_word' id='word_1_180' title='bbox 161 2117 530 2175; x_wconf 88' lang='lat' dir='ltr'>consequuntur</span> <span class='ocrx_word' id='word_1_181' title='bbox 563 2110 838 2158; x_wconf 89' lang='lat' dir='ltr'>necessario</span> <span class='ocrx_word' id='word_1_182' title='bbox 873 2117 974 2159; x_wconf 85' lang='lat' dir='ltr'>tres</span> <span class='ocrx_word' id='word_1_183' title='bbox 1008 2112 1240 2159; x_wconf 88' lang='lat' dir='ltr'>affectus:</span> <span class='ocrx_word' id='word_1_184' title='bbox 1287 2128 1442 2172; x_wconf 85' lang='lat' dir='ltr'>amor,</span> <span class='ocrx_word' id='word_1_185' title='bbox 1480 2112 1565 2175; x_wconf 91' lang='lat' dir='ltr'>qui</span> 
     </span>
     <span class='ocr_line' id='line_1_26' title="bbox 160 2185 1565 2253; baseline 0.001 -18"><span class='ocrx_word' id='word_1_186' title='bbox 160 2186 225 2235; x_wconf 86' lang='lat' dir='ltr'>ad</span> <span class='ocrx_word' id='word_1_187' title='bbox 263 2185 532 2234; x_wconf 83' lang='lat' dir='ltr'>bonitatem</span> <span class='ocrx_word' id='word_1_188' title='bbox 550 2204 569 2241; x_wconf 91' lang='lat'><em>;</em></span> <span class='ocrx_word' id='word_1_189' title='bbox 609 2202 727 2251; x_wconf 72' lang='lat' dir='ltr'>Spes</span> <span class='ocrx_word' id='word_1_190' title='bbox 766 2194 816 2234; x_wconf 92' lang='lat' dir='ltr'>et</span> <span class='ocrx_word' id='word_1_191' title='bbox 854 2186 1016 2246; x_wconf 79' lang='lat' dir='ltr'>timor,</span> <span class='ocrx_word' id='word_1_192' title='bbox 1059 2188 1145 2250; x_wconf 92' lang='lat' dir='ltr'>qui</span> <span class='ocrx_word' id='word_1_193' title='bbox 1188 2187 1252 2236; x_wconf 88' lang='lat' dir='ltr'>ad</span> <span class='ocrx_word' id='word_1_194' title='bbox 1279 2188 1565 2253; x_wconf 77' lang='lat' dir='ltr'>potentiam</span> 
     </span>
     <span class='ocr_line' id='line_1_27' title="bbox 161 2262 1566 2312; baseline 0.001 -1"><span class='ocrx_word' id='word_1_195' title='bbox 161 2262 458 2311; x_wconf 88' lang='lat' dir='ltr'>referuntur.</span> <span class='ocrx_word' id='word_1_196' title='bbox 527 2263 603 2310; x_wconf 87' lang='lat' dir='ltr'>Ex</span> <span class='ocrx_word' id='word_1_197' title='bbox 641 2262 717 2311; x_wconf 86' lang='lat' dir='ltr'>his</span> <span class='ocrx_word' id='word_1_198' title='bbox 758 2271 925 2311; x_wconf 86' lang='lat' dir='ltr'>autem</span> <span class='ocrx_word' id='word_1_199' title='bbox 962 2264 1189 2312; x_wconf 90' lang='lat' dir='ltr'>oriuntur</span> <span class='ocrx_word' id='word_1_200' title='bbox 1226 2265 1445 2312; x_wconf 85' lang='lat' dir='ltr'>actiones</span> <span class='ocrx_word' id='word_1_201' title='bbox 1481 2281 1566 2312; x_wconf 89' lang='lat' dir='ltr'>ex-</span> 
     </span>
     <span class='ocr_line' id='line_1_28' title="bbox 161 2338 1564 2403; baseline 0 -15"><span class='ocrx_word' id='word_1_202' title='bbox 161 2346 333 2399; x_wconf 88' lang='lat' dir='ltr'>ternae,</span> <span class='ocrx_word' id='word_1_203' title='bbox 350 2339 526 2403; x_wconf 91' lang='lat' dir='ltr'>quibus</span> <span class='ocrx_word' id='word_1_204' title='bbox 540 2345 766 2403; x_wconf 88' lang='lat' dir='ltr'>potentes</span> <span class='ocrx_word' id='word_1_205' title='bbox 783 2338 968 2402; x_wconf 89' lang='lat' dir='ltr'>placari</span> <span class='ocrx_word' id='word_1_206' title='bbox 987 2346 1036 2387; x_wconf 90' lang='lat' dir='ltr'>et</span> <span class='ocrx_word' id='word_1_207' title='bbox 1049 2340 1249 2403; x_wconf 87' lang='lat' dir='ltr'>propitii</span> <span class='ocrx_word' id='word_1_208' title='bbox 1265 2340 1373 2388; x_wconf 91' lang='lat' dir='ltr'>fieri</span> <span class='ocrx_word' id='word_1_209' title='bbox 1391 2339 1564 2400; x_wconf 89' lang='lat' dir='ltr'>solent,</span> 
     </span>
     <span class='ocr_line' id='line_1_29' title="bbox 163 2415 1567 2480; baseline 0 -16"><span class='ocrx_word' id='word_1_210' title='bbox 163 2423 215 2465; x_wconf 88' lang='lat' dir='ltr'>et</span> <span class='ocrx_word' id='word_1_211' title='bbox 254 2432 365 2480; x_wconf 86' lang='lat' dir='ltr'>quae</span> <span class='ocrx_word' id='word_1_212' title='bbox 403 2422 517 2463; x_wconf 91' lang='lat' dir='ltr'>sunt</span> <span class='ocrx_word' id='word_1_213' title='bbox 558 2415 710 2479; x_wconf 90' lang='lat' dir='ltr'>ipsius</span> <span class='ocrx_word' id='word_1_214' title='bbox 751 2415 949 2464; x_wconf 88' lang='lat' dir='ltr'>honoris</span> <span class='ocrx_word' id='word_1_215' title='bbox 998 2417 1217 2475; x_wconf 89' lang='lat' dir='ltr'>effectus,</span> <span class='ocrx_word' id='word_1_216' title='bbox 1260 2416 1469 2480; x_wconf 86' lang='lat' dir='ltr'>ideoque</span> <span class='ocrx_word' id='word_1_217' title='bbox 1515 2425 1567 2464; x_wconf 92' lang='lat' dir='ltr'>et</span> 
     </span>
     <span class='ocr_line' id='line_1_30' title="bbox 164 2491 1567 2555; baseline 0.001 -15"><span class='ocrx_word' id='word_1_218' title='bbox 164 2492 306 2555; x_wconf 84' lang='lat' dir='ltr'>signa</span> <span class='ocrx_word' id='word_1_219' title='bbox 331 2491 591 2539; x_wconf 87' lang='lat' dir='ltr'>naturalia.</span> <span class='ocrx_word' id='word_1_220' title='bbox 665 2491 762 2538; x_wconf 83' lang='lat' dir='ltr'>Sed</span> <span class='ocrx_word' id='word_1_221' title='bbox 786 2507 967 2539; x_wconf 88' lang='lat' dir='ltr'>nomen</span> <span class='ocrx_word' id='word_1_222' title='bbox 990 2491 1145 2539; x_wconf 78' lang='lat' dir='ltr'>honor</span> <span class='ocrx_word' id='word_1_223' title='bbox 1170 2492 1466 2540; x_wconf 88' lang='lat' dir='ltr'>translatum</span> <span class='ocrx_word' id='word_1_224' title='bbox 1491 2501 1567 2541; x_wconf 91' lang='lat' dir='ltr'>est</span> 
     </span>
     <span class='ocr_line' id='line_1_31' title="bbox 166 2567 1567 2632; baseline 0 -15"><span class='ocrx_word' id='word_1_225' title='bbox 166 2569 316 2617; x_wconf 89' lang='lat' dir='ltr'>etiam</span> <span class='ocrx_word' id='word_1_226' title='bbox 334 2568 399 2616; x_wconf 90' lang='lat' dir='ltr'>ad</span> <span class='ocrx_word' id='word_1_227' title='bbox 422 2569 625 2616; x_wconf 87' lang='lat' dir='ltr'>effectus</span> <span class='ocrx_word' id='word_1_228' title='bbox 646 2567 755 2615; x_wconf 93' lang='lat' dir='ltr'>illos</span> <span class='ocrx_word' id='word_1_229' title='bbox 775 2568 974 2616; x_wconf 87' lang='lat' dir='ltr'>honoris</span> <span class='ocrx_word' id='word_1_230' title='bbox 994 2576 1223 2616; x_wconf 86' lang='lat' dir='ltr'>externos</span> <span class='ocrx_word' id='word_1_231' title='bbox 1241 2589 1252 2624; x_wconf 92' lang='grc'><strong>;</strong></span> <span class='ocrx_word' id='word_1_232' title='bbox 1291 2585 1387 2632; x_wconf 92' lang='lat' dir='ltr'>quo</span> <span class='ocrx_word' id='word_1_233' title='bbox 1406 2584 1567 2628; x_wconf 80' lang='lat' dir='ltr'>senSU,</span> 
     </span>
     <span class='ocr_line' id='line_1_32' title="bbox 164 2643 1568 2707; baseline 0 -15"><span class='ocrx_word' id='word_1_234' title='bbox 164 2644 416 2692; x_wconf 79' lang='lat' dir='ltr'>honorare</span> <span class='ocrx_word' id='word_1_235' title='bbox 440 2660 552 2692; x_wconf 89' lang='lat' dir='ltr'>eum</span> <span class='ocrx_word' id='word_1_236' title='bbox 572 2643 798 2701; x_wconf 87' lang='lat' dir='ltr'>dicimur,</span> <span class='ocrx_word' id='word_1_237' title='bbox 819 2644 878 2691; x_wconf 91' lang='lat' dir='ltr'>de</span> <span class='ocrx_word' id='word_1_238' title='bbox 903 2645 1042 2707; x_wconf 90' lang='lat' dir='ltr'>cujus</span> <span class='ocrx_word' id='word_1_239' title='bbox 1065 2645 1291 2707; x_wconf 89' lang='lat' dir='ltr'>potentia</span> <span class='ocrx_word' id='word_1_240' title='bbox 1313 2651 1568 2704; x_wconf 88' lang='lat' dir='ltr'>testamur,</span> 
     </span>
     <span class='ocr_line' id='line_1_33' title="bbox 164 2719 1569 2784; baseline 0 -15"><span class='ocrx_word' id='word_1_241' title='bbox 164 2720 326 2769; x_wconf 88' lang='lat' dir='ltr'>verbis</span> <span class='ocrx_word' id='word_1_242' title='bbox 344 2720 423 2768; x_wconf 88' lang='lat' dir='ltr'>vel</span> <span class='ocrx_word' id='word_1_243' title='bbox 439 2720 598 2779; x_wconf 87' lang='lat' dir='ltr'>factis,</span> <span class='ocrx_word' id='word_1_244' title='bbox 618 2736 708 2768; x_wconf 91' lang='lat' dir='ltr'>nos</span> <span class='ocrx_word' id='word_1_245' title='bbox 727 2720 924 2784; x_wconf 84' lang='lat' dir='ltr'>egregie</span> <span class='ocrx_word' id='word_1_246' title='bbox 944 2720 1125 2768; x_wconf 87' lang='lat' dir='ltr'>sentire</span> <span class='ocrx_word' id='word_1_247' title='bbox 1143 2741 1154 2776; x_wconf 92' lang='lat'>;</span> <span class='ocrx_word' id='word_1_248' title='bbox 1189 2726 1247 2767; x_wconf 89' lang='lat' dir='ltr'>ut</span> <span class='ocrx_word' id='word_1_249' title='bbox 1265 2719 1420 2767; x_wconf 81' lang='lat' dir='ltr'>honor</span> <span class='ocrx_word' id='word_1_250' title='bbox 1438 2720 1569 2769; x_wconf 90' lang='lat' dir='ltr'>idem</span> 
     </span>
     <span class='ocr_line' id='line_1_34' title="bbox 167 2796 1570 2861; baseline 0.001 -17"><span class='ocrx_word' id='word_1_251' title='bbox 167 2796 232 2844; x_wconf 90' lang='lat' dir='ltr'>sit</span> <span class='ocrx_word' id='word_1_252' title='bbox 255 2797 388 2861; x_wconf 92' lang='lat' dir='ltr'>quod</span> <span class='ocrx_word' id='word_1_253' title='bbox 413 2796 592 2844; x_wconf 58' lang='lat' dir='ltr'>cultu&amp;</span> <span class='ocrx_word' id='word_1_254' title='bbox 665 2797 885 2845; x_wconf 84' lang='lat' dir='ltr'>CULTUs</span> <span class='ocrx_word' id='word_1_255' title='bbox 906 2803 1073 2844; x_wconf 88' lang='lat' dir='ltr'>autem</span> <span class='ocrx_word' id='word_1_256' title='bbox 1088 2805 1162 2844; x_wconf 90' lang='lat' dir='ltr'>est</span> <span class='ocrx_word' id='word_1_257' title='bbox 1180 2803 1319 2844; x_wconf 88' lang='lat' dir='ltr'>actus</span> <span class='ocrx_word' id='word_1_258' title='bbox 1340 2804 1570 2845; x_wconf 86' lang='lat' dir='ltr'>externus</span> 
     </span>
     <span class='ocr_line' id='line_1_35' title="bbox 166 2873 1568 2938; baseline 0.001 -17"><span class='ocrx_word' id='word_1_259' title='bbox 166 2873 367 2922; x_wconf 89' lang='lat' dir='ltr'>honoris</span> <span class='ocrx_word' id='word_1_260' title='bbox 402 2873 584 2921; x_wconf 91' lang='lat' dir='ltr'>interni</span> <span class='ocrx_word' id='word_1_261' title='bbox 621 2874 830 2938; x_wconf 87' lang='lat' dir='ltr'>signum.</span> <span class='ocrx_word' id='word_1_262' title='bbox 900 2874 965 2922; x_wconf 92' lang='lat' dir='ltr'>Et</span> <span class='ocrx_word' id='word_1_263' title='bbox 1001 2889 1123 2937; x_wconf 89' lang='lat' dir='ltr'>quos</span> <span class='ocrx_word' id='word_1_264' title='bbox 1159 2873 1331 2923; x_wconf 85' lang='lat' dir='ltr'>officiis</span> <span class='ocrx_word' id='word_1_265' title='bbox 1356 2873 1568 2937; x_wconf 82' lang='lat' dir='ltr'>placare,</span> 
     </span>
    </p>
   </div>
   <div class='ocr_carea' id='block_1_3' title="bbox 300 2963 1434 2999">
    <p class='ocr_par' dir='ltr' id='par_1_5' title="bbox 300 2963 1434 2999">
     <span class='ocr_line' id='line_1_36' title="bbox 300 2963 1434 2999; baseline -0.001 0"><span class='ocrx_word' id='word_1_266' title='bbox 300 2963 425 2999; x_wconf 85' lang='lat' dir='ltr'><strong>VOL.</strong></span> <span class='ocrx_word' id='word_1_267' title='bbox 452 2964 513 2998; x_wconf 88' lang='lat'>11.</span> <span class='ocrx_word' id='word_1_268' title='bbox 1405 2964 1434 2998; x_wconf 87' lang='lat' dir='ltr'>Z</span> 
     </span>
    </p>
   </div>
  </div>
 </body>
</html>
