2020 3262
488 240 584 283 364
1054 253 1300 286 immolo.

223 375 355 411 snc'r.
375 378 443 413 111,
487 360 740 408 oemalaris
749 379 852 427 pro
867 380 941 410 me
956 366 984 411 ,ἒ
1003 370 1097 411 etc.
1135 364 1258 411 Cum
1274 379 1391 426 ergo
1407 363 1573 411 Moses
1587 364 1716 413 solus
1731 366 1871 416 verbi

236 474 243 484 ,
312 430 362 461 ¹⁶·
484 433 587 482 Dei
609 438 812 485 nuncius
837 447 979 497 esset,
998 455 1157 502 neque
1176 448 1281 487 erat
1305 456 1472 486 mame
1497 440 1870 504 interpretandi

480 525 631 572 penes
653 513 903 576 privatae,
935 531 1025 562 nec
1056 531 1205 578 penes
1240 531 1571 578 synagogam,
1595 532 1687 563 nec
1717 533 1867 580 penes

479 587 903 647 saeerdotem,nec
916 606 1066 652 penes
1081 590 1200 637 alios
1206 589 1490 654 prophetas
1498 608 1518 644 ;
1536 598 1703 649 restat,
1713 592 1869 640 inter-

469 668 671 724 pretem
693 663 831 711 verbi
854 665 956 712 Dei
977 681 1130 712 unum
1151 665 1298 712 fuisse
1323 665 1511 723 Mosen,
1528 666 1611 727 qui
1629 682 1867 716 summam

480 737 628 784 etiam
645 745 936 800 potestatem
954 740 1165 787 habebat
1188 740 1240 786 in
1263 739 1408 786 rebus
1432 739 1683 796 civilibus;
1713 751 1868 792 certa-

477 828 590 860 men
607 822 772 862 autem
791 815 914 862 Core
930 823 981 862 et
999 823 1287 863 caeterorum
1305 816 1668 877 conjuratorum
1691 823 1869 867 contra

476 887 653 935 Mosen
677 895 727 936 et
750 890 1010 948 Aaronem,
1036 898 1086 937 et
1114 889 1322 937 Aaronis
1355 905 1467 936 cum
1498 906 1665 938 sorore
1693 900 1865 942 contra

478 962 670 1022 Mosen,
706 965 993 1012 suscitatum
1024 964 1188 1024 fuisse,
1224 981 1323 1012 non
1357 972 1560 1027 propter
1590 966 1864 1016 animarum

478 1053 674 1086 suarum
705 1040 924 1099 salutem,
966 1040 1054 1087 sed
1085 1048 1286 1103 propter
1320 1040 1638 1089 ambitionem
1669 1050 1720 1090 et
1750 1059 1863 1107 reg-

475 1129 595 1161 num
617 1114 668 1161 in
690 1115 941 1178 populum.

194 1180 319 1211 E⁸⁸d0¹¹¹
338 1192 403 1212 ⁶⁰¹¹·
549 1195 624 1237 14.
647 1190 887 1252 Tempore
904 1192 932 1238 J
937 1207 1082 1249 osuae,
1102 1190 1459 1256 interpretatio
1479 1191 1644 1255 legam
1659 1199 1709 1240 et
1723 1193 1863 1242 verbi

187 1224 308 1262 junctas
320 1227 410 1256 fuisse

192 1267 453 1342 ffileussgnlssoer‘
476 1263 582 1311 Dei
603 1271 719 1312 erat
752 1281 900 1327 penes
933 1266 1219 1313 Eleazarum
1250 1282 1493 1313 summum
1531 1268 1859 1327 sacerdotem,

191 1334 292 1383 Josu'a.
472 1339 782 1402 eundemque
804 1355 971 1403 regem
1006 1342 1094 1388 sub
1128 1341 1232 1389 Deo
1271 1342 1561 1389 absolutum.
1631 1342 1690 1390 Id
1726 1343 1860 1406 quod

475 1414 736 1477 colligitur,
767 1415 944 1478 primo,
968 1431 1030 1462 ex
1052 1415 1157 1478 ipso
1185 1423 1364 1480 pactO,
1387 1418 1437 1464 in
1463 1433 1559 1480 quo
1584 1419 1859 1481 respublica

473 1490 805 1537 Israelitarum
845 1491 1116 1554 appellatur
1152 1507 1359 1556 regnam
1398 1492 1733 1552 sacerdotale,
1779 1494 1858 1542 vel

470 1571 527 1612 ut
541 1566 774 1613 recitatur
797 1566 842 1628 (l
867 1567 970 1613 Pet.
988 1566 1037 1613 ii.
1055 1566 1107 1627 9)
1129 1567 1463 1614 sacerdotium
1477 1568 1688 1631 regale:
1724 1570 1857 1632 quod

469 1641 605 1688 nullo
639 1641 788 1689 modo
813 1642 910 1689 dici
945 1649 1153 1705 poterat,
1177 1642 1273 1689 nisi
1299 1658 1388 1705 per
1425 1642 1781 1692 institutionem
1805 1653 1856 1693 et

459 1723 671 1779 paetum
714 1717 882 1780 populi
921 1725 1138 1780 potestas
1184 1718 1320 1781 regia
1359 1718 1713 1781 intelligeretur
1749 1737 1854 1771 esse

467 1807 617 1853 penes
657 1793 983 1841 sacerdotem.
1054 1793 1226 1856 Neque
1261 1800 1503 1856 repugnat
1538 1800 1652 1841 ante
1693 1793 1853 1855 dictis,

466 1866 551 1913 ubi
574 1883 674 1914 non
694 1868 860 1915 Aaron
887 1868 971 1916 sed
996 1869 1158 1916 Moses
1181 1884 1388 1931 regnum
1411 1869 1500 1915 sub
1520 1868 1624 1916 Deo
1647 1869 1820 1918 habuit
1839 1891 1852 1926 ;

466 1957 579 1988 cum
601 1944 930 1991 necessarium
954 1944 1032 2002 sit,
1056 1944 1142 1991 ubi
1172 1959 1297 1990 unus
1330 1944 1476 1990 homo
1511 1944 1725 1992 instituit
1757 1946 1852 1994 rei-

463 2017 672 2079 publicae
704 2019 884 2067 futurae
907 2019 1130 2078 formam,
1156 2018 1294 2066 illum
1330 2035 1483 2065 unum
1519 2035 1726 2082 regnum
1760 2038 1851 2084 pro

464 2108 551 2139 suo
574 2100 794 2156 tempore
826 2095 1084 2153 moderari,
1120 2095 1219 2142 sive
1244 2094 1549 2151 monarchia,
1586 2095 1686 2142 sive
1717 2097 1850 2144 aris-

464 2169 701 2227 tocratia,
741 2170 840 2216 sive
887 2170 1198 2217 democratia
1238 2170 1315 2227 sit,
1359 2169 1490 2232 quod
1526 2170 1763 2227 instituit3
1799 2183 1850 2220 et

460 2242 641 2291 habere
664 2245 935 2307 potentiam
971 2261 1166 2292 omnem
1198 2245 1248 2292 in
1288 2261 1517 2308 praesens,
1556 2262 1702 2308 quam
1740 2247 1846 2295 aliis

460 2318 733 2366 tributurus
772 2320 835 2367 sit
858 2320 911 2367 111
933 2319 1170 2367 futurum.
1243 2320 1489 2368 Habuisse
1521 2328 1684 2368 autem
1705 2321 1847 2369 Elea-

459 2409 628 2441 zarum
675 2394 980 2443 sacerdotem
1025 2412 1125 2443 non
1170 2395 1317 2443 modo
1359 2395 1709 2455 sacerdotium,
1755 2397 1846 2450 sed

460 2469 609 2516 etiam
655 2470 912 2534 imperium
952 2487 1198 2530 summum,
1241 2487 1464 2533 expresse
1507 2471 1715 2518 habetur
1756 2488 1845 2535 per

457 2543 615 2606 ipsam
649 2545 813 2592 Josuae
851 2545 914 2592 ad
946 2545 1420 2593 administrationem
1443 2562 1606 2593 rerum
1627 2546 1844 2594 vocatio-

457 2635 588 2668 nem.
662 2620 743 2668 Sic
768 2622 897 2668 enim
923 2621 1158 2684 scriptum
1184 2628 1259 2669 est
1286 2622 1454 2684 (Num.
1469 2621 1616 2668 xxvii.
1638 2621 1806 2684 18-21)
1827 2641 1839 2669 ε

463 2694 604 2743 Tolle
640 2695 844 2743 Josaam
861 2696 1030 2759 filium
1052 2696 1185 2754 Nun,
1224 2703 1302 2744 ete
1318 2715 1336 2751 ,·
1371 2696 1457 2760 qai
1483 2695 1640 2743 Stabit
1672 2713 1841 2744 eoram

455 2769 715 2818 Eleazaro
737 2771 1017 2830 Sacerdote,
1036 2778 1086 2818 et
1100 2772 1227 2818 omni
1243 2770 1582 2825 multitudine;
1618 2778 1668 2818 et
1692 2771 1838 2820 dabis

455 2845 503 2891 ei
517 2853 784 2910 praecepta
806 2846 1003 2908 ‘eunetis
1035 2846 1329 2904 videntibus,
1351 2852 1400 2894 et
1420 2852 1626 2909 partem
1650 2847 1839 2912 gloriae
