2020 3262
395 288 467 323 DE
494 287 696 322 TRIBUS
724 284 1035 320 clverrUM
1064 285 1385 319 spncmssus.
1491 276 1586 319 235

709 617 925 666 CAPUT
960 616 1072 664 VII.

292 735 355 768 nn
379 735 548 768 TRIBUS
572 734 839 767 clvlTATUM
864 731 1130 774 SPECIEBUS,
1156 730 1494 774 nnMoanTm,

362 781 366 785 ’
543 801 906 842 Aius‘roanTiA,
932 799 1233 832 MONARcmA.

195 882 229 919 1.
259 879 436 919 Civitatis
453 884 530 917 tres
549 893 629 917 esse
649 885 795 916 tantum
809 878 975 928 species:
995 877 1282 921 democratiam,
1303 875 1592 918 aristocratiam,

246 941 520 979 monarchiam.
573 943 612 979 2.
639 940 902 991 Oligarchiam
930 951 1006 976 non
1026 951 1107 976 esse
1126 943 1268 976 statum
1288 938 1452 976 civitatis
1470 937 1596 974 diver-

246 1015 331 1042 sum
361 1003 422 1047 ab,
446 1003 695 1048 aristocratia,
727 1015 852 1052 neque
883 1002 1104 1039 anarchiam
1135 1014 1216 1038 esse
1248 1006 1391 1038 statum
1426 1000 1596 1038 omnino.

246 1068 284 1105 3.
312 1054 572 1116 Tyrannidem
592 1077 668 1102 non
696 1077 777 1101 esse
808 1069 951 1102 statum
982 1064 1146 1101 civitatis
1165 1063 1358 1101 diversum
1377 1075 1400 1100 a
1426 1062 1599 1112 legitima

247 1126 481 1165 monarchia.
535 1127 573 1162 4.
603 1125 691 1163 Νοη
711 1125 792 1162 dari
811 1130 954 1162 statum
973 1125 1137 1162 civitatis
1152 1126 1316 1162 mixtum
1330 1137 1377 1162 ex
1396 1124 1597 1174 speciebus
1613 1141 1615 1144 ⁴

248 1188 371 1234 dietis.
398 1190 436 1228 5.
464 1186 762 1232 Democratiam,
779 1187 850 1223 nisi
870 1192 974 1224 certa
992 1192 1166 1236 tempora
1184 1192 1223 1224 et
1240 1187 1326 1224 loca
1344 1186 1598 1224 conveniendi

249 1250 540 1294 constituantur,
560 1249 727 1286 dissolvi.
780 1251 819 1288 6.
847 1247 894 1285 In
915 1249 1161 1292 democratia,
1181 1254 1398 1299 temporum
1418 1249 1601 1286 conveni-

249 1312 339 1350 endi
356 1311 555 1350 intervalla
573 1316 724 1361 oportet
743 1323 823 1348 esse
843 1323 972 1360 parva,
993 1311 1052 1348 vel
1070 1312 1208 1348 summi
1228 1312 1379 1361 imperii
1397 1324 1509 1348 usum
1528 1323 1599 1360 pro

204 1416 208 1419 ,
249 1374 456 1412 intervallis
491 1374 557 1411 uni
593 1373 707 1411 alicui
743 1385 825 1411 esse
862 1373 1165 1411 concedendum.
1231 1375 1268 1415 7.
1295 1373 1341 1411 In
1367 1373 1604 1412 democratia

237 1435 390 1487 singuli
409 1448 498 1474 cum
517 1435 676 1486 singulis
694 1435 917 1473 obedituros
935 1448 976 1473 se
995 1436 1139 1486 populo
1157 1436 1416 1485 paciscuntur,
1436 1435 1601 1485 populus

206 1492 209 1494 ¹
250 1498 332 1548 ipse
350 1497 493 1536 nemini
513 1497 718 1547 obligatur.
773 1498 810 1534 8.
839 1496 1095 1535 Aristocratia
1123 1497 1264 1547 quibus
1291 1497 1442 1534 actibus
1461 1497 1602 1534 consti-

237 1565 347 1598 tuta.
399 1562 439 1599 9.
477 1559 523 1597 In
552 1558 801 1603 aristocratia,
831 1560 1034 1609 optimates
1065 1559 1160 1596 nihil
1187 1559 1448 1609 paciscuntur,
1476 1570 1602 1608 neque

252 1622 329 1660 civi
356 1621 549 1672 cuiquam,
579 1626 646 1658 aut
676 1620 747 1657 toti
780 1621 924 1670 populo
960 1621 1191 1671 obligantur.
1249 1623 1311 1659 10.
1340 1619 1605 1669 optimatibus

252 1683 467 1722 necessaria
494 1689 552 1721 est
581 1682 774 1720 condictio
794 1688 1064 1720 conventuum.
1123 1685 1184 1721 11.
1212 1681 1445 1720 Monarchia
1462 1682 1606 1732 quibus

253 1745 404 1784 actibus
425 1745 643 1783 constituta.
702 1746 764 1784 12.
792 1744 1023 1782 Monarchia
1053 1745 1197 1782 nemini
1228 1744 1279 1782 ob
1311 1749 1510 1794 receptum
1533 1745 1604 1781 im-

216 1804 218 1807 ’
253 1807 404 1858 perium
420 1807 542 1858 pactis
571 1807 775 1858 obligatur.
835 1808 892 1846 13.
920 1806 1153 1844 Monarchia
1180 1819 1331 1857 semper
1360 1807 1400 1843 in
1431 1806 1606 1856 potentia

254 1869 431 1920 proxima
448 1874 506 1906 est
523 1869 571 1906 ad
601 1869 858 1907 exercendum
877 1880 1008 1905 omnes
1027 1873 1147 1913 actus,
1163 1868 1230 1918 qui
1255 1867 1304 1905 ad
1323 1868 1526 1917 imperium
1545 1880 1606 1905 re-

256 1931 474 1981 quiruntur.
528 1932 590 1969 14.
620 1931 725 1973 Quid
754 1943 876 1981 genus
901 1930 1050 1980 peccati
1075 1935 1113 1967 et
1131 1942 1298 1980 quorum
1315 1930 1515 1968 hominum
1542 1930 1606 1975 sit,

256 1991 414 2042 quando
445 1991 579 2029 civitas
609 1991 791 2029 adversus
827 1992 941 2036 cives,
970 1991 1031 2028 vel
1067 1992 1170 2029 cives
1197 1992 1379 2029 adversus
1411 1992 1606 2029 civitatem

258 2053 386 2092 officio
403 2065 474 2091 suo
491 2066 569 2090 non
582 2052 809 2104 funguntur.
865 2055 928 2092 15.
953 2051 1171 2090 Monarcha
1189 2052 1314 2091 factus
1327 2053 1410 2091 sine
1422 2053 1608 2103 temporis

257 2115 495 2160 limitatione,
513 2120 641 2165 potest
662 2126 921 2152 successorem
938 2127 1051 2151 suum
1069 2114 1223 2165 eligere.
1278 2117 1339 2154 16.
1368 2114 1432 2152 De
1456 2127 1609 2152 monar-

210 2177 214 2179 ’
260 2177 343 2216 chis
363 2177 413 2215 ad
430 2181 596 2227 tempus.
654 2177 716 2218 17.
744 2175 972 2221 Monarcha‚
992 2181 1141 2214 retento
1153 2176 1243 2226 jure
1271 2176 1433 2226 imperii,
1453 2190 1530 2215 non
1549 2177 1608 2214 in-

259 2239 446 2290 telligitur
474 2238 553 2276 ullo
580 2238 769 2288 promisso
786 2238 1022 2275 transtulisse
1043 2237 1110 2288 jus
1131 2238 1170 2275 in
1190 2238 1317 2276 media
1335 2238 1385 2276 ad
1403 2239 1607 2289 imperium

259 2301 486 2340 necessaria.
543 2301 606 2339 18.
625 2300 777 2342 Quibus
795 2300 918 2338 modis
936 2300 1030 2338 civis
1051 2300 1288 2351 subjectione
1306 2301 1503 2339 liberatur.

151 2386 154 2388 ’
213 2387 257 2430 1.
292 2380 520 2428 ΒΙΟΊἮΜ
551 2380 655 2443 jam
680 2387 756 2427 est
779 2378 840 2427 de
876 2379 1077 2427 civitate
1102 2395 1208 2444 per
1248 2380 1611 2428 institutionem
1649 2392 1778 2425 sacr.
1799 2392 1871 2425 111.

208 2457 262 2506 in
284 2472 478 2522 genere.
548 2455 826 2503 Dicendum
849 2463 923 2503 est
948 2455 1010 2504 de
1034 2457 1139 2520 ejus
1162 2457 1432 2520 speciebus.
1502 2456 1610 2504 Dif-
1662 2443 1857 2514 „If-„2

208 2533 420 2583 ferentia
441 2539 609 2580 autem
632 2532 890 2580 civitatum
913 2531 1124 2580 sumitur
1146 2549 1177 2580 a
1200 2532 1478 2581 differentia
1499 2548 1611 2596 per-
1628 2540 1898 2622 Ξυνιξζὲἰζὸῑὲῗψ

212 2608 646 2672 sonarum,quibus
661 2607 978 2655 commissum
993 2614 1066 2656 est
1081 2624 1313 2656 summum
1332 2608 1608 2674 imperium.
1628 2629 1700 2657 cies:
1713 2628 1859 2657 democra.

214 2685 555 2737 Committitur
596 2693 764 2732 autem
804 2700 1039 2733 summum
1084 2683 1364 2750 imperium,
1401 2685 1480 2733 vel
1525 2684 1611 2733 uni
1627 2671 1900 2750 ξωωωξζῗξῖζζζζζ

212 2762 411 2821 homini,
429 2760 508 2808 vel
531 2760 742 2809 concilio
765 2760 866 2808 sive
885 2759 1041 2808 curioe
1057 2761 1142 2808 uni
1164 2761 1431 2809 multorum
1453 2761 1613 2809 homi-

211 2851 346 2884 num.
417 2837 604 2885 Rursus
643 2836 906 2885 concilium
939 2835 1200 2884 multorum
1241 2837 1501 2897 hominum,
1531 2837 1610 2885 vel

211 2921 287 2961 cst
309 2912 528 2962 omnium
552 2912 746 2972 civium,
767 2912 836 2960 ita
854 2919 910 2960 ut
934 2911 1138 2975 quilibet
1153 2929 1324 2961 eorum
1337 2914 1418 2977 jus
1432 2914 1613 2962 habeat
