2020 3262
381 248 453 282 DE
481 247 720 281 LEGIBUS
747 247 984 282 NATURAE
1007 249 1289 288 RELIQUIS.
1434 238 1523 290 187

133 365 191 409 ut
211 357 350 422 lapis,
366 358 450 422 qui
473 373 574 421 prae
588 358 750 421 figura
772 373 948 421 aspera
971 365 1021 406 et
1043 359 1281 422 angulosa
1296 359 1406 422 plus
1430 361 1526 408 loci
1567 380 1696 414 SEcT.
1716 380 1786 413 111.

134 433 325 483 caeteris
357 433 518 482 aufert
550 450 697 497 quam
731 434 836 497 ipse
860 432 1048 497 implet,
1072 449 1232 497 neque
1249 450 1353 498 prae
1376 443 1529 483 mate·
1662 434 1691 462 ³·
1766 478 1773 488 ,

131 510 221 559 riae
255 509 434 558 duritie
467 510 726 574 comprimi
751 509 829 558 vel
863 510 1018 557 secari
1056 509 1199 558 facile
1235 517 1414 573 potest,
1437 527 1529 558 nec

134 585 469 650 compaginari
491 585 753 634 aedifieium
776 585 909 643 sinit,
935 592 1170 649 tanquam
1195 585 1529 633 incommodus

134 662 390 727 abjicitur3
426 662 498 710 ita
520 662 687 721 homo,
712 661 796 725 qui
817 677 922 725 prae
944 662 1130 725 ingenii
1154 661 1434 725 asperitate,
1453 678 1531 709 re-

135 738 284 787 tentis
302 738 562 802 superfluis
598 738 705 797 sibi,
724 738 1001 786 necessaria
1023 738 1130 786 aliis
1154 738 1343 798 adimit,
1368 753 1530 801 neque

133 829 238 879 prae
273 814 542 862 affectuum
578 813 888 862 contumacia
917 814 1099 877 corrigi
1134 821 1314 877 potest,
1340 814 1531 862 caeteris

136 890 470 939 incommodus
494 890 825 953 molestusque
850 890 948 938 dici
971 890 1110 938 solet.
1162 890 1410 939 Quoniam
1428 891 1533 954 jam

135 966 472 1030 unusquisque
495 982 597 1014 non
615 966 739 1028 jure
757 965 920 1023 modo,
946 965 1033 1014 sed
1056 965 1206 1014 etiam
1229 967 1533 1014 necessitate

136 1042 365 1091 naturali
398 1043 516 1091 totis
539 1043 725 1090 viribus
750 1043 802 1090 in
833 1042 884 1090 id
914 1042 1198 1090 incumbere
1222 1041 1531 1106 supponitur,

136 1126 194 1168 ut
214 1118 489 1167 necessaria
522 1118 587 1166 ad
623 1118 699 1165 sui
734 1118 1156 1166 conservationem
1187 1125 1531 1182 consequatur,

137 1195 180 1244 si
198 1195 307 1260 quis
329 1194 450 1243 velit
471 1210 562 1258 pro
588 1194 846 1257 superfluis
866 1201 1040 1242 contra
1063 1194 1378 1254 contendere,
1402 1193 1532 1242 illius

109 1303 114 1308 -
138 1271 284 1335 culpa
307 1271 493 1319 orietur
507 1270 692 1318 bellum
713 1291 725 1325 ;
760 1278 1024 1334 propterea
1048 1269 1182 1333 quod
1199 1270 1269 1318 illi
1284 1270 1375 1318 soli
1399 1270 1535 1318 nulla

139 1346 361 1396 certandi
378 1346 694 1394 incumbebat
717 1346 994 1394 necessitas.
1064 1345 1201 1394 Facit
1218 1362 1336 1410 ergo
1361 1354 1536 1394 contra

138 1422 300 1488 Iegem
315 1428 513 1470 naturoe
509 1421 968 1486 fundamentalem.
996 1422 1141 1470 Unde
1156 1423 1390 1486 sequitur,
1402 1422 1535 1486 quod

139 1497 499 1548 ostendendum
517 1507 639 1557 erat,
653 1506 957 1562 praeceptum
975 1506 1167 1546 naturae
1186 1515 1306 1558 esse,
1315 1506 1371 1546 ut
1384 1514 1535 1546 unus-

140 1575 345 1639 quisque
369 1591 421 1623 se
453 1575 642 1623 caeteris
665 1581 869 1638 praestet
893 1574 1221 1623 commodum.
1294 1575 1394 1624 Qui
1416 1591 1534 1623 vero

140 1651 304 1717 legem
342 1651 471 1700 hanc
501 1650 671 1710 violat,
711 1650 1042 1698 incommodus
1079 1657 1129 1698 et
1169 1650 1403 1699 molestus
1441 1650 1539 1698 dici

139 1733 320 1792 potest.
391 1727 564 1775 Cicero
597 1734 764 1774 tamen
798 1726 1048 1774 commodo
1073 1727 1281 1790 opponit
1316 1727 1538 1775 inhuma-

142 1819 270 1862 num,
288 1809 525 1867 tanquam
549 1801 613 1850 ad
635 1802 764 1850 hanc
787 1802 944 1865 ipsam
966 1801 1127 1865 legem
1151 1802 1457 1866 adspectans.

216 1883 292 1927 10.
328 1878 473 1942 Legis
495 1885 687 1926 naturae
711 1877 938 1941 quintum
951 1884 1252 1942 praeceptum
1276 1886 1364 1938 est,
1391 1895 1541 1944 opor·
1558 1891 1621 1942 141
1633 1895 1748 1921 naturae

144 1961 253 2003 tere
290 1953 505 2002 alterum
541 1952 712 2012 alteri,
746 1959 908 2000 sumta
949 1953 1180 2002 cautione
1195 1955 1380 2018 futuri
1421 1962 1540 2003 tem-
1556 1936 1762 2009 ῗῃῗζῖἷξξῖὴ

139 2030 304 2096 poris,
321 2028 584 2094 praeteriti
602 2029 809 2087 veniam,
821 2029 1022 2092 petenti
1045 2036 1096 2077 et
1111 2031 1400 2094 poenitenti,
1425 2049 1541 2079 con-

144 2105 339 2156 cedere.
441 2105 597 2153 Venia
640 2105 878 2168 praeteriti
924 2105 1025 2154 sive
1074 2107 1295 2155 remissio
1344 2109 1542 2156 offensae

143 2182 268 2231 nihil
308 2181 444 2230 aliud
478 2188 552 2229 est
592 2197 740 2244 quam
779 2181 864 2239 illi,
905 2181 1005 2244 qui,
1042 2198 1154 2230 cum
1191 2183 1442 2232 lacesserit
1477 2185 1542 2233 ad

142 2258 342 2318 bellum,
362 2257 483 2306 facti
516 2257 762 2321 poenitens
799 2273 971 2320 pacem
1012 2266 1136 2317 orat,
1157 2275 1266 2323 pax
1291 2276 1537 2310 concessa.

145 2335 247 2383 Pax
283 2341 448 2382 autem
484 2349 716 2381 concessa
751 2349 851 2380 non
884 2333 1160 2396 poenitenti,
1192 2335 1286 2383 hoc
1321 2343 1410 2393 est,
1436 2338 1541 2385 ani-

145 2416 282 2458 mum
305 2410 534 2458 hostilem
556 2408 809 2468 retinenti,
834 2410 912 2457 vel
935 2410 1090 2458 futuri
1114 2413 1349 2475 temporis
1385 2414 1541 2461 cauti-

146 2502 292 2535 onem
314 2502 415 2534 non
440 2486 591 2544 danti,
616 2485 711 2533 hoc
730 2493 820 2543 est,
844 2501 943 2533 non
958 2502 1131 2549 pacem
1149 2487 1237 2535 sed
1255 2490 1543 2552 opportuni-

147 2568 302 2610 tatem
342 2561 577 2626 captanti,
619 2578 719 2609 non
759 2567 834 2608 est
866 2577 995 2625 pax,
1034 2562 1121 2610 sed
1159 2570 1316 2612 metus
1331 2583 1348 2612 .·
1383 2581 1543 2628 neque

145 2637 298 2702 igitur
321 2654 352 2686 a
372 2644 549 2686 natura
562 2637 860 2702 praecipitur.
911 2637 1155 2687 Caeterum
1179 2641 1263 2703 qui
1279 2642 1543 2704 poenitenti

147 2722 199 2762 et
221 2713 283 2762 de
305 2713 474 2762 futuro
499 2714 777 2762 cautionem
805 2712 1075 2774 adhibenti,
1112 2716 1238 2764 nolit
1269 2717 1541 2780 ignoscere,

148 2789 194 2840 ei
217 2805 315 2854 pax
337 2789 444 2853 ipsa
466 2805 566 2838 non
589 2790 780 2854 placet3
818 2789 950 2852 quod
974 2797 1047 2839 est
1071 2799 1244 2841 contra
1267 2792 1429 2858 legem
1453 2811 1542 2843 na-

149 2865 378 2915 turalem.
