2020 3262
210 372 341 409 SECT.
357 374 430 415 111.

189 494 196 503 ,
299 426 351 460 14.

176 1265 264 1295 Omni
276 1267 332 1305 legi

178 1319 268 1347 poena
277 1320 403 1348 appensa

179 1353 357 1391 intelligitur.

173 1869 322 1909 Praecepta
336 1871 426 1901 Decae

168 1914 235 1951 logi,
248 1915 283 1942 de
297 1916 420 1952 parenti-

169 1958 225 1986 bus
237 1957 425 1993 honorandis,

169 1999 205 2028 de
218 2000 381 2036 homicidio,

167 2043 317 2078 adulterio,
336 2045 422 2080 surio,

167 2086 196 2115 et
210 2083 281 2117 saiso
294 2088 419 2116 testiffi‘o‘-

165 2131 224 2164 nio,
237 2133 314 2168 leges
334 2132 433 2160 civiles

164 2183 234 2202 eeeee

474 237 570 282 318
1020 244 1323 290 IMPEiuuM.

471 357 606 400 tratu
651 367 820 403 secure
863 356 938 404 uti
982 364 1033 405 et
1075 358 1187 406 frui.
1274 359 1385 406 Hoc
1431 358 1561 406 enim
1602 366 1677 407 est
1721 361 1854 424 quod

470 428 735 491 requiritur
757 431 820 480 ad
854 433 1204 496 proprietatem
1241 435 1498 493 bonorum,
1521 450 1623 483 non
1653 442 1712 483 ut
1746 437 1853 500 quis

467 503 527 552 iis
549 506 703 568 possit
723 507 814 567 uti,
839 508 925 555 sed
940 509 1095 572 possit
1117 509 1247 557 solus
1265 530 1277 566 ς
1322 509 1454 574 quod
1470 511 1528 558 fit
1548 510 1852 574 prohibendo

466 579 585 629 alios
607 590 671 630 ne
694 583 792 631 sint
814 584 1178 648 impedimento.
1250 585 1348 634 Sed
1365 585 1547 633 frustra
1569 586 1718 635 etiam
1737 602 1853 651 pro-

464 655 652 718 hibent,
678 659 760 722 qui
783 666 967 708 metum
989 677 1245 724 poenarum
1266 677 1366 709 non
1389 661 1650 711 incutiunt*
1707 662 1852 713 Frus-

464 737 543 780 tra
564 748 681 797 ergo
709 733 789 782 lex
830 743 919 795 est,
944 735 1038 783 nisi
1069 742 1324 799 utramque
1354 744 1545 800 partem
1585 737 1850 798 contineat,

464 814 515 855 et
535 808 684 869 illam,
709 826 816 874 quae
847 810 1085 876 prohibet
1114 812 1316 875 injurias
1349 813 1472 872 fieri,
1497 819 1548 860 et
1568 812 1717 873 illam,
1742 829 1851 878 quae

462 883 695 933 facientes
731 887 893 949 punit.
964 887 1155 935 Harum
1185 887 1358 951 prima,
1384 904 1492 951 quae
1527 887 1850 938 distributiva

463 958 657 1020 dieitur,
688 962 1034 1026 prohibitoria
1072 971 1161 1021 est,
1204 969 1253 1010 et
1291 964 1508 1026 loquitur
1543 963 1608 1011 ad
1648 974 1846 1023 omnes3

461 1036 689 1096 secunda,
714 1052 822 1100 quae
856 1038 1162 1086 vindicativa
1198 1039 1274 1086 vel
1293 1039 1536 1103 poenaria
1558 1038 1847 1103 appellatur,

459 1111 767 1161 mandatoria
803 1120 890 1173 est,
927 1121 977 1162 et
1016 1114 1232 1177 loquitur
1273 1122 1466 1163 tantum
1500 1115 1564 1163 ad
1598 1115 1847 1165 ministros

458 1188 692 1250 publicos.

526 1268 572 1310 8.
607 1263 682 1311 Ex
706 1279 803 1327 quo
826 1265 975 1313 etiam
992 1265 1278 1328 intelligitur
1301 1266 1433 1314 omni
1457 1265 1564 1331 legi
1594 1266 1733 1314 civili
1755 1283 1844 1315 an·-

457 1353 635 1385 nexam
679 1354 789 1386 esse
817 1355 1036 1403 poenam,
1082 1340 1160 1388 vel
1206 1341 1431 1405 explicite
1470 1341 1549 1389 vel
1593 1341 1843 1405 implicite.

456 1412 585 1460 Nam
620 1412 706 1460 ubi
741 1429 887 1477 poena
921 1430 1080 1477 neque
1110 1416 1307 1479 scripto,
1330 1432 1488 1479 neque
1511 1416 1732 1480 exemplo
1755 1417 1843 1466 ali-

455 1489 607 1551 cujus,
633 1488 717 1551 qui
739 1504 908 1552 poenas
931 1489 1053 1553 legis
1075 1496 1390 1553 transgressae
1420 1492 1523 1554 jam
1547 1491 1698 1551 dedit,
1723 1492 1841 1541 defi-

453 1563 603 1623 nitur,
627 1564 697 1611 ibi
733 1564 1113 1628 subintelligitur
1150 1582 1346 1629 poenam
1382 1566 1689 1615 arbitrariam
1719 1583 1840 1631 esse,

452 1639 696 1699 nimirum,
721 1656 781 1688 ex
814 1640 1015 1689 arbitrio
1049 1641 1262 1705 pendere
1295 1641 1601 1705 legislatoriS‚
1624 1642 1718 1691 hoe
1742 1651 1834 1704 est,

453 1716 629 1764 summi
651 1715 954 1780 imperantis
1025 1717 1224 1766 Frustra
1246 1718 1377 1767 enim
1400 1725 1476 1766 est
1497 1718 1592 1779 leX,
1618 1733 1727 1782 quae
1746 1719 1838 1768 im-

449 1806 580 1854 pune
604 1793 778 1841 violari
800 1800 977 1857 potest.

516 1874 563 1916 9.
602 1869 848 1918 Quoniam
871 1876 1035 1917 autem
1053 1885 1083 1917 a
1095 1869 1282 1933 legibus
1301 1870 1522 1919 civilibus
1541 1870 1712 1930 oritur,
1729 1876 1837 1919 tum

449 1944 582 2006 quod
616 1946 950 2009 unusquisque
984 1947 1064 2009 Jus
1099 1962 1238 1994 suum
1274 1946 1365 1994 sibi
1397 1946 1648 2010 proprium
1689 1953 1740 1994 et
1774 1947 1835 1995 ab

450 2019 613 2068 alieno
654 2020 940 2068 distinctum
975 2021 1167 2080 habeat,
1191 2029 1298 2069 tum
1335 2022 1482 2070 etiam
1505 2021 1635 2085 quod
1669 2022 1836 2085 prohi-

447 2093 622 2143 beatur
668 2097 827 2144 aliena
865 2096 1110 2156 invadere,
1158 2097 1377 2160 sequitur
1421 2103 1666 2161 praecepta
1708 2096 1830 2157 haec,

447 2170 677 2219 honorem
690 2172 995 2237 parentibus
1018 2171 1215 2236 legibus
1240 2173 1491 2235 definitum
1507 2189 1601 2221 non
1619 2173 1835 2238 denega-

448 2245 557 2294 bis:
592 2247 841 2307 bominem,
883 2263 1023 2312 quem
1062 2254 1231 2295 vetant
1271 2248 1413 2313 lege-s·
1453 2248 1697 2307 occidere,
1737 2263 1834 2296 non

445 2322 645 2370 occides
660 2342 677 2371 .·
713 2323 912 2388 legibus
934 2323 1136 2371 vetitum
1160 2322 1657 2388 concubitumfugies
1676 2341 1694 2370 .·
1727 2329 1832 2371 rem

445 2397 662 2447 alienam
685 2399 877 2447 domino
915 2398 1067 2447 invito
1100 2415 1195 2447 non
1230 2399 1466 2464 afferes:
1502 2398 1643 2463 leges
1666 2404 1718 2446 et
1741 2399 1830 2461 ju·-

445 2473 584 2521 dicia
597 2473 754 2538 falso
779 2474 1057 2522 testimonio
1083 2491 1178 2522 non
1195 2474 1546 2539 frustrabere,
1570 2489 1674 2522 esse
1695 2473 1830 2537 leges

444 2549 622 2598 civiles.
665 2550 819 2614 Leges
842 2551 1089 2599 naturales
1113 2550 1283 2599 eadem
1304 2550 1607 2614 praecipiunt,
1631 2549 1717 2597 sed
1738 2550 1827 2597 im-

441 2624 607 2686 plicite
627 2642 639 2673 :
675 2642 790 2674 nam
806 2626 885 2674 lex
898 2627 1134 2674 naturalis
1163 2627 1243 2689 (ut
1259 2627 1416 2690 eapite
1433 2626 1595 2684 tertio,
1620 2625 1826 2673 articulo

441 2700 673 2761 secundo,
695 2701 882 2749 dictum
900 2709 992 2765 est)
1003 2702 1145 2765 jubet
1162 2701 1408 2750 observari
1422 2707 1600 2765 pacta,
1618 2700 1827 2764 ideoque

440 2775 589 2823 etiam
626 2776 954 2825 obedientiam
985 2784 1233 2841 praestare,
1271 2776 1465 2840 quando
1502 2776 1827 2825 obedientiam

438 2851 570 2913 pacti
594 2851 793 2913 fuerint,
829 2860 881 2902 et
913 2853 1073 2902 alieno
1112 2852 1369 2911 abstinere,
1393 2851 1588 2916 quando
1623 2852 1741 2916 quid
1763 2852 1827 2901 sit

1991 3062 2020 3262 kasa—..masta
2006 2975 2020 3038 Δ.»
1996 2906 2020 2958 ..42¹¹
2018 2857 2020 2874 ..
2018 2800 2020 2821 ,,
2018 2717 2020 2719 .
