2020 3262
423 216 517 259 222
951 230 1254 265 IMPERIUM.

162 357 290 389 SEcT,
307 358 374 390 111,
422 336 648 403 civitatis,
672 345 728 386 ut
763 356 872 402 quae
909 341 1028 403 ejus,
1054 342 1136 403 qui
1160 358 1387 388 summum
1416 342 1465 388 in
1490 342 1685 389 civitate
1710 341 1796 390 im-

178 407 366 476 ss
412 411 613 474 perium
634 414 835 474 obtinet,
861 423 975 463 sunt
994 417 1247 464 mandata.
1283 417 1346 463 Et
1370 431 1542 464 LEGES
1566 431 1794 476 cwuns,

420 494 477 534 ut
513 504 592 536 eas
617 489 919 550 definiamus,
944 491 1065 538 nihil
1089 491 1221 539 aliud
1245 500 1373 549 sunt,
1400 508 1544 554 quam
1569 493 1688 555 ejus,
1713 493 1796 555 qui

419 561 470 608 in
490 562 685 611 civitate
710 581 897 614 summa
913 574 1153 629 potestate
1176 567 1411 630 praeditus
1427 574 1515 625 est,
1534 567 1594 615 de
1618 567 1796 615 civium

418 636 593 686 futuris
618 640 891 688 actionibus
914 642 1158 690 mandata.

138 719 363 790 nagissmtuum
374 725 402 782 fit
491 718 564 761 10.
601 715 856 774 Praeterea,
878 733 988 764 cum
1004 717 1213 764 civitatis
1231 717 1431 780 negotia
1447 717 1561 764 belli
1581 724 1629 764 et
1644 718 1794 780 pacis,

136 772 234 855 ’311ἓῖ18
252 773 401 836 οᾞᾏᾞιῑζζ
416 787 476 834 ab
500 804 598 836 uno
635 790 847 850 homine,
872 792 949 839 vel
974 792 1180 840 001101110
1203 809 1317 850 uno,
1342 793 1524 855 absque
1547 792 1794 840 ministris

136 852 260 920 ξξζὲξζξ,
285 860 374 922 ξξξῗ
416 869 465 909 01;
488 864 872 926 magistratibus
907 866 1251 913 subordinatis
1281 867 1444 914 omnia
1467 867 1795 916 administrari

414 937 708 1000 impossibile
739 941 829 995 sit;
864 941 1202 1004 pertineatque
1231 942 1293 989 ad
1316 958 1486 1005 pacem
1511 949 1561 989 et
1585 942 1791 990 defensi-

415 1028 573 1072 onem,
609 1022 664 1062 ut
698 1016 871 1078 quibus
914 1017 973 1064 de
1011 1018 1350 1065 controversiis
1383 1019 1513 1081 juste
1554 1018 1791 1080 judicare,

412 1087 681 1136 vicinorum
722 1091 921 1138 consilia
954 1092 1222 1154 pervidere,
1247 1093 1375 1140 bella
1407 1093 1674 1156 prudenter
1707 1109 1792 1156 ge-

411 1179 534 1222 rere,
572 1164 772 1212 utilitati
808 1166 1017 1214 civitatis
1051 1167 1363 1230 undiquaque
1403 1164 1679 1231 prospicere
1717 1168 1790 1216 in-

413 1238 612 1295 cumbit,
636 1246 768 1287 recte
810 1241 908 1287 suis
941 1241 1109 1288 officiis
1141 1241 1423 1304 fungantur,
1456 1242 1634 1290 rationi
1672 1259 1790 1291 con-

412 1321 697 1361 sentaneum
728 1322 815 1374 est,
839 1323 895 1363 ut
930 1317 989 1363 ab
1016 1333 1072 1364 00
1098 1317 1419 1379 dependeant,
1446 1326 1495 1365 et
1531 1318 1787 1381 eligantur,

411 1388 494 1450 qui
516 1389 664 1437 habet
687 1407 913 1438 summum
938 1392 1194 1455 imperium
1213 1399 1313 1439 tam
1337 1392 1387 1439 in
1412 1392 1555 1452 bello,
1573 1408 1717 1455 quam
1734 1393 1787 1440 in

400 1479 552 1526 pace.

149 1551 356 1602 Doctrinarum
481 1545 554 1586 11.
592 1539 907 1587 Manifestum
931 1556 1121 1602 quoque
1146 1548 1234 1599 est,
1259 1541 1475 1588 actiones
1509 1557 1676 1590 omnes
1701 1559 1784 1602 vov-

147 1599 390 1674 ῘΞῘῙΞἚΞῘῙΕᾏῨ
407 1614 640 1662 luntarias
663 1615 857 1662 initium
879 1616 1058 1663 habere
1094 1623 1142 1662 et
1165 1617 1435 1663 necessario
1460 1616 1733 1679 dependere
1756 1634 1787 1665 a

145 1690 214 1708 ‘³⁸⁸2
407 1690 687 1744 voluntate3
723 1691 1028 1738 voluntatem
1066 1698 1229 1755 autem
1256 1691 1465 1738 faciendi
1486 1691 1562 1739 vel
1593 1708 1693 1739 non
1715 1692 1787 1740 fa-

408 1765 569 1812 ciendi
593 1765 867 1828 dependere
891 1766 951 1813 ab
968 1766 1196 1829 opinione
1221 1765 1335 1812 boni
1349 1766 1427 1813 vel
1442 1765 1575 1824 mali,
1592 1767 1787 1830 proemiz'

413 1840 489 1887 vel
502 1856 684 1903 poenoe,
711 1856 857 1903 quam
887 1841 978 1888 sibi
1009 1841 1211 1903 quisque
1249 1840 1526 1903 conceperit
1558 1857 1618 1888 ex
1654 1841 1785 1890 facto

408 1915 484 1963 vel
509 1915 684 1962 omisso
723 1923 1037 1978 sequuturam
1074 1932 1210 1963 esse:
1247 1916 1317 1963 ita
1350 1925 1408 1963 ut
1443 1916 1659 1964 actiones
1683 1933 1786 1964 om-

405 1990 542 2037 nium
561 2007 591 2038 a
614 1991 711 2038 suis
736 1993 969 2054 cujusque
990 1992 1299 2054 opinionibus
1323 1999 1571 2054 regantur.
1621 1993 1784 2041 Quare

405 2065 620 2112 illatione
660 2066 933 2113 necessaria
970 2074 1019 2114 et
1056 2066 1269 2113 evidenti
1308 2066 1611 2129 intelligitur,
1648 2067 1783 2129 pacis

404 2141 673 2188 communis
696 2141 928 2188 interesse
951 2142 1229 2204 plurimum,
1253 2149 1310 2189 ut
1349 2142 1495 2190 nullae
1533 2141 1783 2204 opiniones

401 2217 478 2263 vel
503 2216 740 2264 doctrinae
782 2217 966 2264 civibus
1003 2225 1355 2280 proponantur,
1382 2218 1554 2282 quibus
1589 2225 1781 2280 putent,

400 2291 477 2338 vel
495 2307 546 2339 se
565 2292 675 2354 jure
692 2308 793 2339 non
810 2308 953 2355 posse
968 2292 1164 2356 legibus
1186 2293 1408 2352 civitatis,
1422 2293 1515 2340 hoc
1539 2300 1628 2349 est,
1646 2308 1782 2340 man-

401 2366 526 2414 datis
563 2366 690 2414 illius
715 2366 939 2425 hominis,
963 2367 1040 2414 vel
1072 2367 1288 2427 concilii,
1314 2368 1393 2415 cui
1415 2383 1641 2414 summum
1665 2367 1783 2414 civi-

399 2441 516 2489 tatis
554 2441 811 2505 z'mperium
849 2442 1160 2489 commissum
1184 2449 1272 2501 est,
1309 2443 1669 2504 obtemperare3
1704 2443 1782 2490 vel

399 2516 586 2564 licitum
622 2516 714 2563 sibi
737 2531 841 2563 esse
866 2516 911 2563 ei
933 2517 1157 2564 resistere
1177 2538 1189 2573 ;
1225 2517 1303 2564 vel
1330 2518 1562 2580 majorem
1584 2533 1780 2579 poenam

398 2607 595 2639 manere
633 2591 724 2639 sibi
764 2592 978 2654 neganti,
1012 2608 1158 2654 quam
1191 2591 1442 2655 praestanti
1476 2592 1777 2654 obsequium.

401 2666 453 2713 Si
483 2667 613 2714 enim
652 2682 777 2714 unus
823 2667 1030 2729 imperet
1076 2667 1261 2730 aliquid
1304 2667 1463 2714 facere
1504 2667 1592 2714 sub
1633 2683 1780 2730 poena

397 2741 569 2788 mortis
583 2741 832 2800 naturaliS,
842 2742 964 2789 alius
977 2749 1110 2790 vetet
1125 2743 1212 2789 sub
1227 2757 1372 2805 poena
1384 2741 1553 2789 mortis
1568 2748 1778 2802 aeternae,

396 2822 603 2879 uterque
623 2818 732 2879 jure
753 2838 764 2872 ;
802 2824 1032 2880 sequetur
1066 2834 1167 2866 non
1190 2824 1381 2865 tantum
1406 2816 1550 2875 cives,
1587 2818 1679 2866 etsi
1703 2818 1777 2867 in·-
