2020 3262
225 282 298 317 DE
324 282 468 317 JURE
497 281 652 326 EJUS,
678 280 774 314 cm
802 280 1054 314 SUMMUM
1082 280 1390 314 IMPERIUM.
1448 271 1544 314 229

152 434 156 438 .
212 398 288 442 16.
323 392 547 453 Furtum,
581 391 911 450 homicidium,
937 390 1258 450 adulterium,
1293 397 1441 454 atque
1473 392 1548 439 in-
1587 414 1717 447 Smyr,
1739 414 1809 446 111,

127 469 291 533 jurioe
315 485 486 518 omnes
509 469 699 533 legibus
715 475 904 516 naturae
926 467 1279 531 prohibentur:
1317 474 1550 515 caeterum
1684 466 1714 496 6·

141 545 261 610 quid
284 545 336 594 in
360 546 467 594 cive
486 545 709 610 furtum,
741 542 861 607 quid
892 541 1223 600 homicidium,
1249 542 1368 605 quid
1404 543 1549 590 adul·
1568 557 1649 591 Quid
1662 559 1700 586 sit
1712 558 1771 608 (uf.

141 621 336 681 terium,
361 621 483 686 quid
521 620 733 684 denique
771 619 961 683 injuria
1002 618 1350 683 appellandum
1387 619 1466 677 sit,
1498 619 1551 667 id
1567 601 1781 679 {ffiffif'ffifss

139 713 241 746 non
274 697 520 756 naturali,
547 696 633 746 sed
668 696 808 744 civili
843 695 960 761 lege
983 695 1418 744 determinandum
1458 702 1547 745 est.
1567 688 1801 768 ἓῑζᾶξὲῑζξῗζ,

140 774 259 822 Non
283 774 415 822 enim
439 774 600 822 omnis
630 773 812 822 ablatio
849 773 938 832 rei,
963 788 1111 836 quam
1148 772 1274 820 alter
1310 770 1547 835 possidet,
1566 774 1654 812 81b⁰⁸
1667 774 1810 803 civilibus.

139 849 227 898 sed
252 850 326 898 rei
345 850 523 899 alienoe
543 857 753 908 tantum,
761 849 970 914 furtum
987 855 1083 904 est;
1110 847 1230 912 quid
1253 854 1419 895 autem
1437 863 1550 895 nos-

139 932 271 974 trum
295 933 383 985 est,
426 925 545 989 quid
582 925 813 993 alienum,
853 923 988 989 legis
1012 923 1179 972 civili-s·
1220 923 1426 987 quaestio
1458 931 1549 980 est,

139 1001 378 1050 Similiter
413 1018 515 1050 non
555 1001 714 1050 omnis
751 1000 931 1049 occisio
983 1000 1196 1048 hominis
1232 999 1549 1048 homicidium

138 1085 229 1137 est,
248 1077 335 1126 sed
353 1078 459 1141 ejus
479 1085 673 1125 tantum
691 1093 836 1140 quem
856 1076 1081 1124 occidere
1095 1083 1233 1125 vetat
1255 1075 1338 1123 lex
1354 1075 1548 1131 civilis;

136 1169 297 1217 neque
321 1153 480 1202 omnis
505 1153 796 1201 concubitus
816 1151 1122 1200 adulterium
1141 1159 1230 1212 est,
1255 1151 1344 1200 sed
1372 1151 1413 1199 is
1438 1160 1550 1199 tan-

136 1237 246 1277 tum
269 1234 416 1294 quem
454 1228 596 1294 leges
621 1228 796 1277 civiles
829 1228 1112 1292 prohibent.
1182 1229 1410 1292 Denique
1433 1244 1549 1292 pro-

138 1304 273 1353 missi
316 1304 516 1354 violatio
559 1304 750 1368 injuria
791 1311 881 1363 est,
923 1304 1010 1352 ubi
1054 1305 1216 1368 ipsum
1252 1305 1549 1368 promissum

136 1381 327 1430 licitum
356 1388 463 1437 est;
499 1381 585 1429 ubi
619 1397 736 1429 vero
765 1382 858 1444 jus
896 1397 999 1429 non
1035 1388 1110 1430 est
1143 1381 1441 1445 paciscendi,
1478 1381 1549 1429 ibi

137 1457 328 1506 nullum
339 1458 431 1521 jus
455 1457 661 1514 transit;
697 1457 909 1521 ideoque
932 1457 1068 1506 nulla
1092 1457 1317 1522 sequitur
1341 1458 1546 1521 injuria,

143 1540 203 1582 ut
244 1533 433 1582 dictum
469 1540 544 1582 est
582 1533 743 1598 capite
782 1549 843 1583 11.
887 1534 1028 1582 artic.
1061 1536 1136 1589 17.
1208 1535 1334 1583 Quae
1379 1541 1547 1582 autem

71 1615 74 1617 ’
136 1609 321 1674 pacisci
355 1625 632 1674 possumuS,
675 1616 726 1658 et
763 1626 875 1672 quae
914 1626 1016 1657 non
1050 1625 1325 1673 possumus,
1371 1626 1402 1658 a
1437 1609 1546 1675 legi

139 1686 280 1735 civili
302 1686 503 1751 pendet.
573 1686 727 1734 Recte
750 1685 903 1749 igitur
926 1686 1089 1734 sanxit
1120 1685 1291 1735 civitas
1314 1685 1547 1734 Lacedae-

138 1762 419 1811 moniorum
441 1762 642 1825 impune
665 1761 773 1809 fore
807 1761 1217 1821 adolescentibus,
1243 1762 1285 1810 si
1308 1762 1546 1826 quasdam

138 1854 217 1886 res
255 1838 329 1886 ita
362 1837 471 1886 aliis
503 1838 767 1897 auferrent,
800 1844 857 1886 ut
895 1853 996 1885 non
1028 1837 1544 1901 deprehenderentur;

140 1913 265 1962 nihil
288 1913 420 1961 enim
443 1912 579 1961 aliud
601 1921 723 1972 erat,
749 1930 897 1977 quam
919 1913 1081 1978 legem
1103 1914 1283 1974 facere,
1308 1922 1366 1963 ut
1387 1931 1543 1973 suum,

139 2006 240 2038 non
265 1989 482 2038 alienum
517 1996 661 2048 esset,
687 1989 821 2053 quod
855 1989 926 2037 sic
962 1989 1318 2053 acquireretur.
1388 1990 1544 2039 Recte

137 2065 258 2114 item
292 2065 474 2129 ubique
509 2065 766 2122 occiditur,
791 2082 938 2130 quem
972 2066 1102 2114 bello
1135 2066 1214 2114 vel
1253 2067 1544 2115 necessitate

137 2141 351 2206 propriae
376 2141 675 2190 defensionis
701 2141 985 2190 occidimus.
1041 2141 1293 2202 Similiter,
1318 2143 1402 2206 qui
1425 2159 1544 2191 con-

138 2218 334 2267 cubitus
366 2217 419 2265 in
459 2233 560 2265 una
595 2217 795 2265 civitate
830 2217 1198 2266 matrimonium
1234 2225 1324 2279 est,
1360 2219 1413 2267 in
1448 2219 1545 2268 alia

139 2293 443 2343 adulterium
479 2293 802 2357 judicabitur,
844 2302 895 2342 et
935 2310 962 2342 e
999 2309 1251 2343 converso.
1320 2295 1449 2343 Item
1485 2312 1545 2344 ea

137 2377 301 2434 pacta,
327 2386 436 2433 quae
460 2369 650 2418 faciunt
686 2370 1050 2418 matrimonium
1086 2371 1139 2418 in
1169 2387 1270 2419 uno
1295 2371 1416 2431 cive,
1441 2388 1544 2425 non

137 2444 271 2496 idem
292 2446 483 2495 faciunt
517 2446 569 2494 in
594 2447 706 2506 alio,
733 2463 1029 2510 quamquam
1053 2447 1271 2511 ejusdem
1296 2447 1510 2496 civitatis
1530 2469 1543 2504 ;

138 2530 402 2588 propterea
437 2523 571 2587 quod
608 2523 692 2586 qui
727 2524 1019 2587 prohibetur
1041 2540 1071 2571 a
1094 2523 1309 2583 civitate,
1332 2524 1427 2572 hoc
1451 2532 1543 2583 est,

138 2599 200 2648 ab
235 2616 294 2648 eo
330 2599 409 2648 vel
440 2600 632 2647 homine
669 2600 745 2647 vel
779 2600 991 2648 concilio
1017 2601 1155 2664 cujus
1190 2608 1265 2648 est
1299 2617 1545 2649 summum

138 2674 190 2723 in
215 2675 420 2724 civitate
445 2675 723 2739 imperium,
750 2675 1003 2739 quidpiam
1036 2676 1236 2739 pacisci,
1261 2693 1362 2724 non
1395 2677 1546 2726 habet

133 2750 214 2814 Jus
247 2750 562 2816 paciscendi;
599 2766 759 2814 neque
801 2767 918 2814 ergo
954 2759 1155 2815 pactum
1193 2753 1297 2816 ejus
1330 2753 1546 2802 validum

139 2833 245 2882 est3
281 2843 383 2882 non
407 2827 471 2875 sit
495 2843 613 2891 ergo
640 2827 1021 2876 matrimonium.
1094 2829 1214 2892 Ejus
1239 2836 1405 2877 autem
1427 2847 1545 2894 pac-

139 2907 262 2963 tum,
289 2903 372 2967 qui
402 2903 604 2952 minime
644 2903 1016 2968 prohibebatur,
1053 2904 1165 2953 ideo
1202 2905 1419 2955 validum
1452 2915 1544 2968 est,
