<?xml version="1.0" encoding="UTF-8"?>
<!DOCTYPE html PUBLIC "-//W3C//DTD XHTML 1.0 Transitional//EN"
    "http://www.w3.org/TR/xhtml1/DTD/xhtml1-transitional.dtd">
<html xmlns="http://www.w3.org/1999/xhtml" xml:lang="en" lang="en">
 <head>
  <title>
</title>
<meta http-equiv="Content-Type" content="text/html;charset=utf-8" />
  <meta name='ocr-system' content='tesseract 3.04.00' />
  <meta name='ocr-capabilities' content='ocr_page ocr_carea ocr_par ocr_line ocrx_word'/>
</head>
<body>
  <div class='ocr_page' id='page_1' title='image "./operaphilosophic02hobbuoft_0203.png"; bbox 0 0 2020 3262; ppageno 0'>
   <div class='ocr_carea' id='block_1_1' title="bbox 0 0 80 3262">
    <p class='ocr_par' dir='ltr' id='par_1_1' title="bbox 0 0 80 3262">
     <span class='ocr_line' id='line_1_1' title="bbox 0 0 80 3262; baseline 0 0"><span class='ocrx_word' id='word_1_1' title='bbox 0 0 80 3262; x_wconf 95' lang='lat' dir='ltr'><strong> </strong></span> 
     </span>
    </p>
   </div>
   <div class='ocr_carea' id='block_1_2' title="bbox 383 245 1538 292">
    <p class='ocr_par' dir='ltr' id='par_1_2' title="bbox 383 245 1538 292">
     <span class='ocr_line' id='line_1_2' title="bbox 383 245 1538 292; baseline 0 -5"><span class='ocrx_word' id='word_1_2' title='bbox 383 254 455 287; x_wconf 84' lang='lat' dir='ltr'><strong>DE</strong></span> <span class='ocrx_word' id='word_1_3' title='bbox 481 253 721 288; x_wconf 80' lang='lat' dir='ltr'>LEGIBUS</span> <span class='ocrx_word' id='word_1_4' title='bbox 750 253 987 287; x_wconf 81' lang='lat' dir='ltr'>NATURAE</span> <span class='ocrx_word' id='word_1_5' title='bbox 1010 254 1291 292; x_wconf 80' lang='lat' dir='ltr'><strong>RELIQUIS.</strong></span> <span class='ocrx_word' id='word_1_6' title='bbox 1448 245 1538 287; x_wconf 84' lang='lat'><strong>189</strong></span> 
     </span>
    </p>
   </div>
   <div class='ocr_carea' id='block_1_3' title="bbox 146 362 1798 503">
    <p class='ocr_par' dir='ltr' id='par_1_3' title="bbox 146 362 1798 503">
     <span class='ocr_line' id='line_1_3' title="bbox 220 362 1798 426; baseline 0 -14"><span class='ocrx_word' id='word_1_7' title='bbox 220 368 294 412; x_wconf 89' lang='lat'><strong>13.</strong></span> <span class='ocrx_word' id='word_1_8' title='bbox 331 362 569 423; x_wconf 78' lang='lat' dir='ltr'><strong>Quaestio,</strong></span> <span class='ocrx_word' id='word_1_9' title='bbox 593 371 706 412; x_wconf 91' lang='lat' dir='ltr'><strong>uter</strong></span> <span class='ocrx_word' id='word_1_10' title='bbox 729 363 939 411; x_wconf 90' lang='lat' dir='ltr'><strong>duorum</strong></span> <span class='ocrx_word' id='word_1_11' title='bbox 962 363 1216 411; x_wconf 90' lang='lat' dir='ltr'><strong>hominum</strong></span> <span class='ocrx_word' id='word_1_12' title='bbox 1241 363 1435 426; x_wconf 86' lang='lat' dir='ltr'>dignior</span> <span class='ocrx_word' id='word_1_13' title='bbox 1459 365 1537 424; x_wconf 90' lang='lat' dir='ltr'><strong>sit,</strong></span> <span class='ocrx_word' id='word_1_14' title='bbox 1579 388 1709 421; x_wconf 71' lang='lat' dir='ltr'><strong>SECT,</strong></span> <span class='ocrx_word' id='word_1_15' title='bbox 1729 387 1798 420; x_wconf 83' lang='lat'><strong>111,</strong></span> 
     </span>
     <span class='ocr_line' id='line_1_4' title="bbox 146 439 1705 503; baseline -0.001 -15"><span class='ocrx_word' id='word_1_16' title='bbox 146 455 247 488; x_wconf 89' lang='lat' dir='ltr'><strong>non</strong></span> <span class='ocrx_word' id='word_1_17' title='bbox 269 439 333 488; x_wconf 90' lang='lat' dir='ltr'><strong>ad</strong></span> <span class='ocrx_word' id='word_1_18' title='bbox 357 446 539 488; x_wconf 88' lang='lat' dir='ltr'><strong>statum</strong></span> <span class='ocrx_word' id='word_1_19' title='bbox 568 447 771 499; x_wconf 89' lang='lat' dir='ltr'><strong>naturae,</strong></span> <span class='ocrx_word' id='word_1_20' title='bbox 808 439 895 487; x_wconf 90' lang='lat' dir='ltr'><strong>sed</strong></span> <span class='ocrx_word' id='word_1_21' title='bbox 921 439 986 487; x_wconf 91' lang='lat' dir='ltr'><strong>ad</strong></span> <span class='ocrx_word' id='word_1_22' title='bbox 1008 446 1191 487; x_wconf 90' lang='lat' dir='ltr'><strong>statum</strong></span> <span class='ocrx_word' id='word_1_23' title='bbox 1215 439 1407 487; x_wconf 89' lang='lat' dir='ltr'><strong>civilem</strong></span> <span class='ocrx_word' id='word_1_24' title='bbox 1428 456 1539 503; x_wconf 87' lang='lat' dir='ltr'><strong>per-</strong></span> <span class='ocrx_word' id='word_1_25' title='bbox 1674 440 1705 469; x_wconf 83' lang='grc'><strong>3·</strong></span> 
     </span>
    </p>
   </div>
   <div class='ocr_carea' id='block_1_4' title="bbox 145 501 1746 578">
    <p class='ocr_par' dir='ltr' id='par_1_4' title="bbox 145 501 1746 578">
     <span class='ocr_line' id='line_1_5' title="bbox 145 501 1746 578; baseline -0.002 -14"><span class='ocrx_word' id='word_1_26' title='bbox 145 514 286 564; x_wconf 79' lang='lat' dir='ltr'><strong>tinet.</strong></span> <span class='ocrx_word' id='word_1_27' title='bbox 355 515 620 564; x_wconf 87' lang='lat' dir='ltr'><strong>Ostensum</strong></span> <span class='ocrx_word' id='word_1_28' title='bbox 644 516 774 564; x_wconf 88' lang='lat' dir='ltr'><strong>enim</strong></span> <span class='ocrx_word' id='word_1_29' title='bbox 798 523 943 564; x_wconf 87' lang='lat' dir='ltr'><strong>antea</strong></span> <span class='ocrx_word' id='word_1_30' title='bbox 965 522 1054 574; x_wconf 86' lang='lat' dir='ltr'><strong>est,</strong></span> <span class='ocrx_word' id='word_1_31' title='bbox 1095 515 1235 578; x_wconf 87' lang='lat' dir='ltr'><strong>(Cap.</strong></span> <span class='ocrx_word' id='word_1_32' title='bbox 1262 530 1298 562; x_wconf 89' lang='lat'><strong>1.</strong></span> <span class='ocrx_word' id='word_1_33' title='bbox 1324 522 1415 563; x_wconf 87' lang='lat' dir='ltr'><strong>art.</strong></span> <span class='ocrx_word' id='word_1_34' title='bbox 1453 522 1482 563; x_wconf 92' lang='lat'><strong>3</strong></span> <span class='ocrx_word' id='word_1_35' title='bbox 1501 516 1534 578; x_wconf 90' lang='lat'><strong>;)</strong></span> <span class='ocrx_word' id='word_1_36' title='bbox 1557 533 1619 561; x_wconf 67' lang='lat' dir='ltr'><strong>Lex</strong></span> <span class='ocrx_word' id='word_1_37' title='bbox 1632 501 1746 561; x_wconf 44' lang='lat' dir='ltr'><strong>nat&#39;urae</strong></span> 
     </span>
    </p>
   </div>
   <div class='ocr_carea' id='block_1_5' title="bbox 144 580 1826 2938">
    <p class='ocr_par' dir='ltr' id='par_1_5' title="bbox 144 580 1826 2938">
     <span class='ocr_line' id='line_1_6' title="bbox 149 580 1791 656; baseline -0.001 -16"><span class='ocrx_word' id='word_1_38' title='bbox 149 599 329 640; x_wconf 87' lang='lat' dir='ltr'><strong>natura</strong></span> <span class='ocrx_word' id='word_1_39' title='bbox 351 607 520 640; x_wconf 89' lang='lat' dir='ltr'><strong>omnes</strong></span> <span class='ocrx_word' id='word_1_40' title='bbox 539 592 760 640; x_wconf 90' lang='lat' dir='ltr'><strong>homines</strong></span> <span class='ocrx_word' id='word_1_41' title='bbox 779 592 989 656; x_wconf 82' lang='lat' dir='ltr'><strong>aequales</strong></span> <span class='ocrx_word' id='word_1_42' title='bbox 1014 592 1143 639; x_wconf 85' lang='lat' dir='ltr'><strong>inter</strong></span> <span class='ocrx_word' id='word_1_43' title='bbox 1161 607 1213 639; x_wconf 92' lang='lat' dir='ltr'><strong>se</strong></span> <span class='ocrx_word' id='word_1_44' title='bbox 1238 607 1372 639; x_wconf 88' lang='lat' dir='ltr'><strong>esse:</strong></span> <span class='ocrx_word' id='word_1_45' title='bbox 1408 591 1542 638; x_wconf 86' lang='lat' dir='ltr'><strong>ideo·</strong></span> <span class='ocrx_word' id='word_1_46' title='bbox 1558 580 1791 656; x_wconf 46' lang='grc' dir='ltr'><strong>ἶῖᾦζεῖἷζω,</strong></span> 
     </span>
     <span class='ocr_line' id='line_1_7' title="bbox 148 666 1544 731; baseline -0.001 -16"><span class='ocrx_word' id='word_1_47' title='bbox 148 682 243 731; x_wconf 90' lang='lat' dir='ltr'><strong>que</strong></span> <span class='ocrx_word' id='word_1_48' title='bbox 266 667 666 731; x_wconf 75' lang='lat' dir='ltr'><strong>inaequalitatem,</strong></span> <span class='ocrx_word' id='word_1_49' title='bbox 696 684 804 731; x_wconf 88' lang='lat' dir='ltr'><strong>quae</strong></span> <span class='ocrx_word' id='word_1_50' title='bbox 829 684 959 715; x_wconf 90' lang='lat' dir='ltr'><strong>nunc</strong></span> <span class='ocrx_word' id='word_1_51' title='bbox 984 675 1072 726; x_wconf 88' lang='lat' dir='ltr'><strong>est,</strong></span> <span class='ocrx_word' id='word_1_52' title='bbox 1096 674 1218 731; x_wconf 89' lang='lat' dir='ltr'><strong>puta</strong></span> <span class='ocrx_word' id='word_1_53' title='bbox 1240 683 1270 715; x_wconf 91' lang='lat' dir='ltr'><strong>a</strong></span> <span class='ocrx_word' id='word_1_54' title='bbox 1293 666 1489 724; x_wconf 85' lang='lat' dir='ltr'><strong>divitiis,</strong></span> <span class='ocrx_word' id='word_1_55' title='bbox 1514 683 1544 714; x_wconf 92' lang='lat' dir='ltr'><strong>a</strong></span> 
     </span>
     <span class='ocr_line' id='line_1_8' title="bbox 144 741 1544 807; baseline -0.001 -16"><span class='ocrx_word' id='word_1_56' title='bbox 144 743 382 807; x_wconf 84' lang='lat' dir='ltr'><strong>potentia,</strong></span> <span class='ocrx_word' id='word_1_57' title='bbox 400 759 431 791; x_wconf 89' lang='lat' dir='ltr'><strong>a</strong></span> <span class='ocrx_word' id='word_1_58' title='bbox 452 743 709 791; x_wconf 91' lang='lat' dir='ltr'><strong>nobilitate</strong></span> <span class='ocrx_word' id='word_1_59' title='bbox 726 743 935 807; x_wconf 88' lang='lat' dir='ltr'><strong>generis,</strong></span> <span class='ocrx_word' id='word_1_60' title='bbox 959 743 1231 806; x_wconf 88' lang='lat' dir='ltr'><strong>profectam</strong></span> <span class='ocrx_word' id='word_1_61' title='bbox 1249 758 1352 790; x_wconf 91' lang='lat' dir='ltr'><strong>esse</strong></span> <span class='ocrx_word' id='word_1_62' title='bbox 1376 759 1409 790; x_wconf 83' lang='lat' dir='ltr'><strong><em>a</em></strong></span> <span class='ocrx_word' id='word_1_63' title='bbox 1428 741 1544 806; x_wconf 83' lang='lat' dir='ltr'><strong>lege</strong></span> 
     </span>
     <span class='ocr_line' id='line_1_9' title="bbox 147 818 1544 882; baseline -0.001 -15"><span class='ocrx_word' id='word_1_64' title='bbox 147 818 301 867; x_wconf 83' lang='lat' dir='ltr'><strong>civili.</strong></span> <span class='ocrx_word' id='word_1_65' title='bbox 373 819 486 867; x_wconf 91' lang='lat' dir='ltr'><strong>Scio</strong></span> <span class='ocrx_word' id='word_1_66' title='bbox 520 819 833 867; x_wconf 82' lang='lat' dir='ltr'>Aristotelem</span> <span class='ocrx_word' id='word_1_67' title='bbox 870 819 996 866; x_wconf 91' lang='lat' dir='ltr'><strong>libro</strong></span> <span class='ocrx_word' id='word_1_68' title='bbox 1032 819 1191 882; x_wconf 89' lang='lat' dir='ltr'><strong>primo</strong></span> <span class='ocrx_word' id='word_1_69' title='bbox 1228 818 1544 882; x_wconf 91' lang='lat' dir='ltr'><strong>politicorum</strong></span> 
     </span>
     <span class='ocr_line' id='line_1_10' title="bbox 146 895 1544 959; baseline -0.001 -16"><span class='ocrx_word' id='word_1_70' title='bbox 146 901 383 959; x_wconf 86' lang='lat' dir='ltr'><strong>tanquam</strong></span> <span class='ocrx_word' id='word_1_71' title='bbox 407 895 783 943; x_wconf 86' lang='lat' dir='ltr'><strong>fundamentum</strong></span> <span class='ocrx_word' id='word_1_72' title='bbox 815 895 968 943; x_wconf 89' lang='lat' dir='ltr'><strong>totius</strong></span> <span class='ocrx_word' id='word_1_73' title='bbox 993 895 1210 943; x_wconf 81' lang='lat' dir='ltr'><strong>scientiae</strong></span> <span class='ocrx_word' id='word_1_74' title='bbox 1233 895 1448 958; x_wconf 81' lang='lat' dir='ltr'><strong>politicae</strong></span> <span class='ocrx_word' id='word_1_75' title='bbox 1472 895 1544 943; x_wconf 85' lang='lat' dir='ltr'><strong>af-</strong></span> 
     </span>
     <span class='ocr_line' id='line_1_11' title="bbox 146 970 1545 1034; baseline 0 -15"><span class='ocrx_word' id='word_1_76' title='bbox 146 970 358 1030; x_wconf 86' lang='lat' dir='ltr'><strong>firmare,</strong></span> <span class='ocrx_word' id='word_1_77' title='bbox 388 971 640 1019; x_wconf 91' lang='lat' dir='ltr'><strong>hominum</strong></span> <span class='ocrx_word' id='word_1_78' title='bbox 664 971 784 1019; x_wconf 92' lang='lat' dir='ltr'><strong>alios</strong></span> <span class='ocrx_word' id='word_1_79' title='bbox 808 988 837 1019; x_wconf 90' lang='lat' dir='ltr'><strong>a</strong></span> <span class='ocrx_word' id='word_1_80' title='bbox 859 979 1039 1019; x_wconf 89' lang='lat' dir='ltr'><strong>natura</strong></span> <span class='ocrx_word' id='word_1_81' title='bbox 1059 972 1217 1020; x_wconf 86' lang='lat' dir='ltr'><strong>factos</strong></span> <span class='ocrx_word' id='word_1_82' title='bbox 1243 987 1346 1019; x_wconf 89' lang='lat' dir='ltr'><strong>esse</strong></span> <span class='ocrx_word' id='word_1_83' title='bbox 1370 971 1545 1034; x_wconf 84' lang='lat' dir='ltr'><strong>dignos</strong></span> 
     </span>
     <span class='ocr_line' id='line_1_12' title="bbox 149 1046 1544 1111; baseline 0.001 -17"><span class='ocrx_word' id='word_1_84' title='bbox 149 1047 234 1110; x_wconf 92' lang='lat' dir='ltr'><strong>qui</strong></span> <span class='ocrx_word' id='word_1_85' title='bbox 255 1046 513 1110; x_wconf 89' lang='lat' dir='ltr'><strong>imperent,</strong></span> <span class='ocrx_word' id='word_1_86' title='bbox 539 1047 660 1095; x_wconf 91' lang='lat' dir='ltr'><strong>alios</strong></span> <span class='ocrx_word' id='word_1_87' title='bbox 686 1047 770 1110; x_wconf 84' lang='lat' dir='ltr'><strong>qui</strong></span> <span class='ocrx_word' id='word_1_88' title='bbox 794 1047 1023 1106; x_wconf 82' lang='lat' dir='ltr'><strong>serviant,</strong></span> <span class='ocrx_word' id='word_1_89' title='bbox 1048 1054 1283 1111; x_wconf 85' lang='lat' dir='ltr'><strong>tanquam</strong></span> <span class='ocrx_word' id='word_1_90' title='bbox 1304 1048 1544 1096; x_wconf 86' lang='lat' dir='ltr'><strong>Dominus</strong></span> 
     </span>
     <span class='ocr_line' id='line_1_13' title="bbox 149 1123 1544 1188; baseline 0.001 -17"><span class='ocrx_word' id='word_1_91' title='bbox 149 1129 200 1171; x_wconf 92' lang='lat' dir='ltr'><strong>et</strong></span> <span class='ocrx_word' id='word_1_92' title='bbox 222 1138 389 1171; x_wconf 88' lang='lat' dir='ltr'><strong>servus</strong></span> <span class='ocrx_word' id='word_1_93' title='bbox 412 1139 514 1171; x_wconf 92' lang='lat' dir='ltr'><strong>non</strong></span> <span class='ocrx_word' id='word_1_94' title='bbox 549 1139 789 1172; x_wconf 92' lang='lat' dir='ltr'><strong>consensu</strong></span> <span class='ocrx_word' id='word_1_95' title='bbox 824 1123 1094 1182; x_wconf 88' lang='lat' dir='ltr'><strong>hominum,</strong></span> <span class='ocrx_word' id='word_1_96' title='bbox 1131 1123 1219 1172; x_wconf 89' lang='lat' dir='ltr'><strong>sed</strong></span> <span class='ocrx_word' id='word_1_97' title='bbox 1252 1124 1544 1188; x_wconf 83' lang='lat' dir='ltr'><strong>aptitudine,</strong></span> 
     </span>
     <span class='ocr_line' id='line_1_14' title="bbox 147 1198 1543 1263; baseline 0.001 -17"><span class='ocrx_word' id='word_1_98' title='bbox 147 1198 244 1247; x_wconf 91' lang='lat' dir='ltr'><strong>hoc</strong></span> <span class='ocrx_word' id='word_1_99' title='bbox 259 1205 346 1258; x_wconf 87' lang='lat' dir='ltr'><strong>est,</strong></span> <span class='ocrx_word' id='word_1_100' title='bbox 363 1199 568 1247; x_wconf 90' lang='lat' dir='ltr'><strong>scientia</strong></span> <span class='ocrx_word' id='word_1_101' title='bbox 581 1199 659 1247; x_wconf 87' lang='lat' dir='ltr'><strong>vel</strong></span> <span class='ocrx_word' id='word_1_102' title='bbox 672 1199 867 1247; x_wconf 84' lang='lat' dir='ltr'><strong>inscitia</strong></span> <span class='ocrx_word' id='word_1_103' title='bbox 879 1199 1093 1247; x_wconf 87' lang='lat' dir='ltr'><strong>naturali</strong></span> <span class='ocrx_word' id='word_1_104' title='bbox 1109 1199 1543 1263; x_wconf 83' lang='lat' dir='ltr'><strong>distinguerentur.</strong></span> 
     </span>
     <span class='ocr_line' id='line_1_15' title="bbox 151 1274 1547 1334; baseline -0.001 -10"><span class='ocrx_word' id='word_1_105' title='bbox 151 1274 299 1325; x_wconf 78' lang='lat' dir='ltr'><strong>Quod</strong></span> <span class='ocrx_word' id='word_1_106' title='bbox 321 1274 695 1323; x_wconf 84' lang='lat' dir='ltr'><strong>fundamentum</strong></span> <span class='ocrx_word' id='word_1_107' title='bbox 719 1291 819 1323; x_wconf 90' lang='lat' dir='ltr'><strong>non</strong></span> <span class='ocrx_word' id='word_1_108' title='bbox 842 1275 990 1323; x_wconf 91' lang='lat' dir='ltr'><strong>modo</strong></span> <span class='ocrx_word' id='word_1_109' title='bbox 1016 1283 1189 1323; x_wconf 90' lang='lat' dir='ltr'><strong>contra</strong></span> <span class='ocrx_word' id='word_1_110' title='bbox 1212 1276 1471 1334; x_wconf 87' lang='lat' dir='ltr'><strong>rationem,</strong></span> <span class='ocrx_word' id='word_1_111' title='bbox 1490 1283 1547 1323; x_wconf 92' lang='lat' dir='ltr'><strong>ut</strong></span> 
     </span>
     <span class='ocr_line' id='line_1_16' title="bbox 149 1351 1547 1415; baseline 0 -16"><span class='ocrx_word' id='word_1_112' title='bbox 149 1358 400 1400; x_wconf 88' lang='lat' dir='ltr'><strong>ostensum</strong></span> <span class='ocrx_word' id='word_1_113' title='bbox 422 1356 496 1399; x_wconf 73' lang='lat' dir='ltr'><strong>es‘t</strong></span> <span class='ocrx_word' id='word_1_114' title='bbox 519 1367 681 1414; x_wconf 89' lang='lat' dir='ltr'><strong>supra,</strong></span> <span class='ocrx_word' id='word_1_115' title='bbox 717 1351 804 1399; x_wconf 89' lang='lat' dir='ltr'><strong>sed</strong></span> <span class='ocrx_word' id='word_1_116' title='bbox 826 1351 974 1399; x_wconf 90' lang='lat' dir='ltr'><strong>etiam</strong></span> <span class='ocrx_word' id='word_1_117' title='bbox 998 1358 1173 1399; x_wconf 90' lang='lat' dir='ltr'><strong>contra</strong></span> <span class='ocrx_word' id='word_1_118' title='bbox 1195 1352 1547 1415; x_wconf 85' lang='lat' dir='ltr'><strong>experientiam</strong></span> 
     </span>
     <span class='ocr_line' id='line_1_17' title="bbox 149 1427 1547 1492; baseline 0.001 -17"><span class='ocrx_word' id='word_1_119' title='bbox 149 1433 239 1476; x_wconf 87' lang='lat' dir='ltr'><strong>est.</strong></span> <span class='ocrx_word' id='word_1_120' title='bbox 298 1427 428 1475; x_wconf 89' lang='lat' dir='ltr'><strong>Nam</strong></span> <span class='ocrx_word' id='word_1_121' title='bbox 446 1444 606 1492; x_wconf 88' lang='lat' dir='ltr'><strong>neque</strong></span> <span class='ocrx_word' id='word_1_122' title='bbox 624 1443 750 1491; x_wconf 91' lang='lat' dir='ltr'><strong>pene</strong></span> <span class='ocrx_word' id='word_1_123' title='bbox 770 1427 1028 1491; x_wconf 89' lang='lat' dir='ltr'><strong>quisquam</strong></span> <span class='ocrx_word' id='word_1_124' title='bbox 1046 1428 1243 1492; x_wconf 86' lang='lat' dir='ltr'><strong>ingenio</strong></span> <span class='ocrx_word' id='word_1_125' title='bbox 1262 1429 1332 1476; x_wconf 92' lang='lat' dir='ltr'><strong>ita</strong></span> <span class='ocrx_word' id='word_1_126' title='bbox 1350 1428 1547 1492; x_wconf 89' lang='lat' dir='ltr'><strong>stupido</strong></span> 
     </span>
     <span class='ocr_line' id='line_1_18' title="bbox 150 1503 1548 1568; baseline 0.001 -17"><span class='ocrx_word' id='word_1_127' title='bbox 150 1510 240 1562; x_wconf 87' lang='lat' dir='ltr'><strong>est,</strong></span> <span class='ocrx_word' id='word_1_128' title='bbox 255 1510 312 1551; x_wconf 89' lang='lat' dir='ltr'><strong>ut</strong></span> <span class='ocrx_word' id='word_1_129' title='bbox 334 1519 435 1552; x_wconf 92' lang='lat' dir='ltr'><strong>non</strong></span> <span class='ocrx_word' id='word_1_130' title='bbox 458 1503 641 1552; x_wconf 91' lang='lat' dir='ltr'><strong>rectius</strong></span> <span class='ocrx_word' id='word_1_131' title='bbox 666 1504 935 1552; x_wconf 90' lang='lat' dir='ltr'><strong>arbitretur</strong></span> <span class='ocrx_word' id='word_1_132' title='bbox 959 1504 1155 1552; x_wconf 90' lang='lat' dir='ltr'><strong>sibimet</strong></span> <span class='ocrx_word' id='word_1_133' title='bbox 1178 1521 1245 1564; x_wconf 91' lang='lat' dir='ltr'><strong>se,</strong></span> <span class='ocrx_word' id='word_1_134' title='bbox 1272 1521 1418 1568; x_wconf 90' lang='lat' dir='ltr'><strong>quam</strong></span> <span class='ocrx_word' id='word_1_135' title='bbox 1442 1504 1548 1552; x_wconf 88' lang='lat' dir='ltr'><strong>aliis</strong></span> 
     </span>
     <span class='ocr_line' id='line_1_19' title="bbox 149 1579 1549 1644; baseline 0.001 -17"><span class='ocrx_word' id='word_1_136' title='bbox 149 1579 422 1642; x_wconf 84' lang='lat' dir='ltr'><strong>regendum</strong></span> <span class='ocrx_word' id='word_1_137' title='bbox 456 1580 666 1628; x_wconf 89' lang='lat' dir='ltr'><strong>tradere.</strong></span> <span class='ocrx_word' id='word_1_138' title='bbox 738 1581 912 1644; x_wconf 90' lang='lat' dir='ltr'><strong>Neque</strong></span> <span class='ocrx_word' id='word_1_139' title='bbox 936 1581 977 1628; x_wconf 91' lang='lat' dir='ltr'><strong>si</strong></span> <span class='ocrx_word' id='word_1_140' title='bbox 1001 1581 1304 1629; x_wconf 84' lang='lat' dir='ltr'><strong>contendant</strong></span> <span class='ocrx_word' id='word_1_141' title='bbox 1333 1581 1462 1630; x_wconf 88' lang='lat' dir='ltr'><strong>inter</strong></span> <span class='ocrx_word' id='word_1_142' title='bbox 1497 1597 1549 1629; x_wconf 91' lang='lat' dir='ltr'><strong>se</strong></span> 
     </span>
     <span class='ocr_line' id='line_1_20' title="bbox 150 1655 1550 1722; baseline 0.001 -19"><span class='ocrx_word' id='word_1_143' title='bbox 150 1655 470 1719; x_wconf 84' lang='lat' dir='ltr'><strong>sapientiores</strong></span> <span class='ocrx_word' id='word_1_144' title='bbox 495 1663 547 1704; x_wconf 89' lang='lat' dir='ltr'><strong>et</strong></span> <span class='ocrx_word' id='word_1_145' title='bbox 568 1656 883 1715; x_wconf 87' lang='lat' dir='ltr'><strong>robustiores,</strong></span> <span class='ocrx_word' id='word_1_146' title='bbox 920 1663 1036 1704; x_wconf 90' lang='lat' dir='ltr'><strong>sunt</strong></span> <span class='ocrx_word' id='word_1_147' title='bbox 1059 1656 1130 1704; x_wconf 91' lang='lat' dir='ltr'><strong>illi</strong></span> <span class='ocrx_word' id='word_1_148' title='bbox 1152 1657 1228 1705; x_wconf 93' lang='lat' dir='ltr'><strong>his</strong></span> <span class='ocrx_word' id='word_1_149' title='bbox 1252 1673 1443 1722; x_wconf 89' lang='lat' dir='ltr'><strong>semper</strong></span> <span class='ocrx_word' id='word_1_150' title='bbox 1465 1664 1550 1705; x_wconf 91' lang='lat' dir='ltr'><strong>aut</strong></span> 
     </span>
     <span class='ocr_line' id='line_1_21' title="bbox 152 1731 1551 1797; baseline 0.001 -18"><span class='ocrx_word' id='word_1_151' title='bbox 152 1746 283 1796; x_wconf 81' lang='lat' dir='ltr'><strong>saepe</strong></span> <span class='ocrx_word' id='word_1_152' title='bbox 292 1731 581 1795; x_wconf 89' lang='lat' dir='ltr'><strong>superiores.</strong></span> <span class='ocrx_word' id='word_1_153' title='bbox 619 1732 731 1780; x_wconf 88' lang='lat' dir='ltr'><strong>Sive</strong></span> <span class='ocrx_word' id='word_1_154' title='bbox 746 1731 898 1795; x_wconf 86' lang='lat' dir='ltr'><strong>igitur</strong></span> <span class='ocrx_word' id='word_1_155' title='bbox 910 1742 1088 1780; x_wconf 89' lang='lat' dir='ltr'><strong>natura</strong></span> <span class='ocrx_word' id='word_1_156' title='bbox 1103 1732 1326 1781; x_wconf 90' lang='lat' dir='ltr'><strong>homines</strong></span> <span class='ocrx_word' id='word_1_157' title='bbox 1339 1734 1551 1797; x_wconf 78' lang='lat' dir='ltr'><strong>aequales</strong></span> 
     </span>
     <span class='ocr_line' id='line_1_22' title="bbox 152 1807 1550 1872; baseline 0.001 -17"><span class='ocrx_word' id='word_1_158' title='bbox 152 1807 284 1855; x_wconf 90' lang='lat' dir='ltr'><strong>inter</strong></span> <span class='ocrx_word' id='word_1_159' title='bbox 307 1823 359 1855; x_wconf 92' lang='lat' dir='ltr'><strong>se</strong></span> <span class='ocrx_word' id='word_1_160' title='bbox 383 1807 498 1867; x_wconf 90' lang='lat' dir='ltr'><strong>sint,</strong></span> <span class='ocrx_word' id='word_1_161' title='bbox 536 1807 846 1871; x_wconf 82' lang='lat' dir='ltr'><strong>agnoscenda</strong></span> <span class='ocrx_word' id='word_1_162' title='bbox 881 1816 955 1856; x_wconf 89' lang='lat' dir='ltr'><strong>est</strong></span> <span class='ocrx_word' id='word_1_163' title='bbox 988 1809 1270 1872; x_wconf 88' lang='lat' dir='ltr'><strong>aequalitas;</strong></span> <span class='ocrx_word' id='word_1_164' title='bbox 1307 1809 1408 1857; x_wconf 89' lang='lat' dir='ltr'><strong>sive</strong></span> <span class='ocrx_word' id='word_1_165' title='bbox 1431 1810 1550 1857; x_wconf 90' lang='lat' dir='ltr'><strong>inae-</strong></span> 
     </span>
     <span class='ocr_line' id='line_1_23' title="bbox 154 1883 1552 1948; baseline 0.001 -17"><span class='ocrx_word' id='word_1_166' title='bbox 154 1883 338 1947; x_wconf 84' lang='lat' dir='ltr'><strong>quales,</strong></span> <span class='ocrx_word' id='word_1_167' title='bbox 364 1883 479 1947; x_wconf 91' lang='lat' dir='ltr'><strong>quia</strong></span> <span class='ocrx_word' id='word_1_168' title='bbox 502 1884 738 1931; x_wconf 86' lang='lat' dir='ltr'><strong>certaturi</strong></span> <span class='ocrx_word' id='word_1_169' title='bbox 756 1891 871 1932; x_wconf 87' lang='lat' dir='ltr'><strong>sunt</strong></span> <span class='ocrx_word' id='word_1_170' title='bbox 895 1884 955 1932; x_wconf 92' lang='lat' dir='ltr'><strong>de</strong></span> <span class='ocrx_word' id='word_1_171' title='bbox 973 1884 1195 1948; x_wconf 90' lang='lat' dir='ltr'><strong>imperio,</strong></span> <span class='ocrx_word' id='word_1_172' title='bbox 1220 1885 1552 1933; x_wconf 88' lang='lat' dir='ltr'><strong>necessarium</strong></span> 
     </span>
     <span class='ocr_line' id='line_1_24' title="bbox 152 1959 1547 2026; baseline 0.001 -19"><span class='ocrx_word' id='word_1_173' title='bbox 152 1966 232 2008; x_wconf 87' lang='lat' dir='ltr'><strong>est</strong></span> <span class='ocrx_word' id='word_1_174' title='bbox 246 1959 320 2007; x_wconf 82' lang='lat' dir='ltr'><strong>ad</strong></span> <span class='ocrx_word' id='word_1_175' title='bbox 328 1975 513 2024; x_wconf 79' lang='lat' dir='ltr'><strong>pacem</strong></span> <span class='ocrx_word' id='word_1_176' title='bbox 537 1959 927 2024; x_wconf 73' lang='lat' dir='ltr'><strong>consequendam</strong></span> <span class='ocrx_word' id='word_1_177' title='bbox 956 1967 1011 2008; x_wconf 78' lang='lat' dir='ltr'><strong>ut</strong></span> <span class='ocrx_word' id='word_1_178' title='bbox 1024 1976 1128 2025; x_wconf 79' lang='lat' dir='ltr'><strong>pro</strong></span> <span class='ocrx_word' id='word_1_179' title='bbox 1153 1961 1432 2026; x_wconf 67' lang='lat' dir='ltr'><strong>aequalibus</strong></span> <span class='ocrx_word' id='word_1_180' title='bbox 1456 1962 1547 2009; x_wconf 79' lang='lat' dir='ltr'><strong>Iza-</strong></span> 
     </span>
     <span class='ocr_line' id='line_1_25' title="bbox 157 2035 1551 2099; baseline 0.001 -16"><span class='ocrx_word' id='word_1_181' title='bbox 157 2035 383 2083; x_wconf 81' lang='lat' dir='ltr'><strong>beautur.</strong></span> <span class='ocrx_word' id='word_1_182' title='bbox 453 2035 518 2082; x_wconf 92' lang='lat' dir='ltr'><strong>Et</strong></span> <span class='ocrx_word' id='word_1_183' title='bbox 543 2042 805 2099; x_wconf 89' lang='lat' dir='ltr'><strong>propterea</strong></span> <span class='ocrx_word' id='word_1_184' title='bbox 831 2035 952 2099; x_wconf 87' lang='lat' dir='ltr'><strong>legis</strong></span> <span class='ocrx_word' id='word_1_185' title='bbox 982 2037 1220 2085; x_wconf 84' lang='lat' dir='ltr'><strong>naturalis</strong></span> <span class='ocrx_word' id='word_1_186' title='bbox 1245 2044 1418 2085; x_wconf 89' lang='lat' dir='ltr'><strong>octavo</strong></span> <span class='ocrx_word' id='word_1_187' title='bbox 1442 2037 1551 2085; x_wconf 93' lang='lat' dir='ltr'><strong>loco</strong></span> 
     </span>
     <span class='ocr_line' id='line_1_26' title="bbox 154 2111 1553 2178; baseline 0.001 -18"><span class='ocrx_word' id='word_1_188' title='bbox 154 2118 459 2176; x_wconf 88' lang='lat' dir='ltr'><strong>praeceptum</strong></span> <span class='ocrx_word' id='word_1_189' title='bbox 482 2118 571 2170; x_wconf 89' lang='lat' dir='ltr'><strong>est,</strong></span> <span class='ocrx_word' id='word_1_190' title='bbox 607 2118 663 2159; x_wconf 83' lang='lat' dir='ltr'><strong>ut</strong></span> <span class='ocrx_word' id='word_1_191' title='bbox 697 2111 1032 2176; x_wconf 75' lang='lat' dir='ltr'><strong>unusquisque</strong></span> <span class='ocrx_word' id='word_1_192' title='bbox 1065 2119 1252 2160; x_wconf 78' lang='lat' dir='ltr'><strong>natura</strong></span> <span class='ocrx_word' id='word_1_193' title='bbox 1287 2113 1553 2178; x_wconf 79' lang='lat' dir='ltr'><strong>uuicuique</strong></span> 
     </span>
     <span class='ocr_line' id='line_1_27' title="bbox 157 2186 1550 2254; baseline 0.001 -18"><span class='ocrx_word' id='word_1_194' title='bbox 157 2186 367 2254; x_wconf 72' lang='lat' dir='ltr'><strong>aequalis</strong></span> <span class='ocrx_word' id='word_1_195' title='bbox 382 2186 645 2235; x_wconf 81' lang='lat' dir='ltr'><strong>habeatur.</strong></span> <span class='ocrx_word' id='word_1_196' title='bbox 684 2187 779 2234; x_wconf 88' lang='lat' dir='ltr'><strong>Cui</strong></span> <span class='ocrx_word' id='word_1_197' title='bbox 792 2187 890 2251; x_wconf 86' lang='lat' dir='ltr'><strong>legi</strong></span> <span class='ocrx_word' id='word_1_198' title='bbox 906 2188 1152 2236; x_wconf 89' lang='lat' dir='ltr'><strong>contraria</strong></span> <span class='ocrx_word' id='word_1_199' title='bbox 1165 2196 1239 2237; x_wconf 90' lang='lat' dir='ltr'><strong>est</strong></span> <span class='ocrx_word' id='word_1_200' title='bbox 1255 2203 1550 2238; x_wconf 83' lang='lat' dir='ltr'><strong>SUPERBIA.</strong></span> 
     </span>
     <span class='ocr_line' id='line_1_28' title="bbox 219 2252 1820 2332; baseline -0.002 -20"><span class='ocrx_word' id='word_1_201' title='bbox 219 2252 305 2312; x_wconf 80' lang='lat' dir='ltr'><strong>‘l4.</strong></span> <span class='ocrx_word' id='word_1_202' title='bbox 343 2263 482 2311; x_wconf 88' lang='lat' dir='ltr'><strong>Sicut</strong></span> <span class='ocrx_word' id='word_1_203' title='bbox 495 2263 823 2310; x_wconf 91' lang='lat' dir='ltr'><strong>necessarium</strong></span> <span class='ocrx_word' id='word_1_204' title='bbox 837 2270 942 2311; x_wconf 88' lang='lat' dir='ltr'><strong>erat</strong></span> <span class='ocrx_word' id='word_1_205' title='bbox 959 2263 1023 2311; x_wconf 89' lang='lat' dir='ltr'><strong>ad</strong></span> <span class='ocrx_word' id='word_1_206' title='bbox 1039 2264 1421 2329; x_wconf 89' lang='lat' dir='ltr'><strong>uniuscujusque</strong></span> <span class='ocrx_word' id='word_1_207' title='bbox 1436 2282 1552 2314; x_wconf 83' lang='lat' dir='ltr'><strong>con-</strong></span> <span class='ocrx_word' id='word_1_208' title='bbox 1570 2282 1633 2311; x_wconf 76' lang='lat' dir='ltr'><strong>Lex</strong></span> <span class='ocrx_word' id='word_1_209' title='bbox 1646 2284 1758 2310; x_wconf 70' lang='lat' dir='ltr'><strong>naturae</strong></span> <span class='ocrx_word' id='word_1_210' title='bbox 1771 2291 1820 2332; x_wconf 53' lang='lat' dir='ltr'><strong>„a</strong></span> 
     </span>
     <span class='ocr_line' id='line_1_29' title="bbox 156 2326 1826 2403; baseline 0.001 -15"><span class='ocrx_word' id='word_1_211' title='bbox 156 2339 499 2398; x_wconf 86' lang='lat' dir='ltr'><strong>servationem,</strong></span> <span class='ocrx_word' id='word_1_212' title='bbox 514 2346 571 2386; x_wconf 89' lang='lat' dir='ltr'><strong>ut</strong></span> <span class='ocrx_word' id='word_1_213' title='bbox 589 2339 649 2386; x_wconf 90' lang='lat' dir='ltr'><strong>de</strong></span> <span class='ocrx_word' id='word_1_214' title='bbox 675 2329 964 2402; x_wconf 89' lang='lat' dir='ltr'><strong>quibusdam</strong></span> <span class='ocrx_word' id='word_1_215' title='bbox 976 2340 1183 2403; x_wconf 74' lang='lat' dir='ltr'><strong>juribus</strong></span> <span class='ocrx_word' id='word_1_216' title='bbox 1207 2341 1306 2389; x_wconf 90' lang='lat' dir='ltr'><strong>suis</strong></span> <span class='ocrx_word' id='word_1_217' title='bbox 1325 2341 1523 2390; x_wconf 92' lang='lat' dir='ltr'><strong>cederet</strong></span> <span class='ocrx_word' id='word_1_218' title='bbox 1539 2363 1552 2397; x_wconf 76' lang='grc' dir='ltr'><strong>ς</strong></span> <span class='ocrx_word' id='word_1_219' title='bbox 1569 2326 1826 2361; x_wconf 65' lang='lat' dir='ltr'><strong>¹¹⁸’d⁰¹¹¹⁰‘³²⁵‘¹*¹&#39;</strong></span> 
     </span>
     <span class='ocr_line' id='line_1_30' title="bbox 157 2415 1555 2466; baseline 0.001 -2"><span class='ocrx_word' id='word_1_220' title='bbox 157 2415 228 2464; x_wconf 85' lang='lat' dir='ltr'><strong>ita</strong></span> <span class='ocrx_word' id='word_1_221' title='bbox 249 2431 350 2464; x_wconf 89' lang='lat' dir='ltr'><strong>non</strong></span> <span class='ocrx_word' id='word_1_222' title='bbox 371 2415 533 2463; x_wconf 91' lang='lat' dir='ltr'><strong>minus</strong></span> <span class='ocrx_word' id='word_1_223' title='bbox 556 2415 884 2463; x_wconf 89' lang='lat' dir='ltr'><strong>necessarium</strong></span> <span class='ocrx_word' id='word_1_224' title='bbox 913 2422 988 2463; x_wconf 86' lang='lat' dir='ltr'><strong>est</strong></span> <span class='ocrx_word' id='word_1_225' title='bbox 1017 2415 1082 2463; x_wconf 92' lang='lat' dir='ltr'><strong>ad</strong></span> <span class='ocrx_word' id='word_1_226' title='bbox 1116 2416 1323 2464; x_wconf 91' lang='lat' dir='ltr'><strong>eandem</strong></span> <span class='ocrx_word' id='word_1_227' title='bbox 1358 2434 1555 2466; x_wconf 89' lang='lat' dir='ltr'><strong>conser-</strong></span> 
     </span>
     <span class='ocr_line' id='line_1_31' title="bbox 156 2491 1556 2557; baseline 0.001 -17"><span class='ocrx_word' id='word_1_228' title='bbox 156 2491 406 2540; x_wconf 88' lang='lat' dir='ltr'><strong>vationem</strong></span> <span class='ocrx_word' id='word_1_229' title='bbox 440 2498 498 2539; x_wconf 89' lang='lat' dir='ltr'><strong>ut</strong></span> <span class='ocrx_word' id='word_1_230' title='bbox 523 2492 652 2554; x_wconf 81' lang='lat' dir='ltr'><strong>jura</strong></span> <span class='ocrx_word' id='word_1_231' title='bbox 684 2491 910 2554; x_wconf 87' lang='lat' dir='ltr'><strong>quaedam</strong></span> <span class='ocrx_word' id='word_1_232' title='bbox 944 2491 1171 2551; x_wconf 89' lang='lat' dir='ltr'><strong>retineat,</strong></span> <span class='ocrx_word' id='word_1_233' title='bbox 1212 2493 1443 2541; x_wconf 91' lang='lat' dir='ltr'><strong>nimirum</strong></span> <span class='ocrx_word' id='word_1_234' title='bbox 1464 2496 1556 2557; x_wconf 74' lang='lat' dir='ltr'><strong>jus</strong></span> 
     </span>
     <span class='ocr_line' id='line_1_32' title="bbox 159 2566 1557 2633; baseline 0.001 -17"><span class='ocrx_word' id='word_1_235' title='bbox 159 2567 378 2632; x_wconf 90' lang='lat' dir='ltr'><strong>corporis</strong></span> <span class='ocrx_word' id='word_1_236' title='bbox 411 2567 598 2626; x_wconf 86' lang='lat' dir='ltr'><strong>tuendi,</strong></span> <span class='ocrx_word' id='word_1_237' title='bbox 625 2567 716 2630; x_wconf 75' lang='lat' dir='ltr'><strong>jus</strong></span> <span class='ocrx_word' id='word_1_238' title='bbox 750 2566 945 2615; x_wconf 87' lang='lat' dir='ltr'><strong>fruendi</strong></span> <span class='ocrx_word' id='word_1_239' title='bbox 978 2582 1090 2615; x_wconf 89' lang='lat' dir='ltr'><strong>aere</strong></span> <span class='ocrx_word' id='word_1_240' title='bbox 1120 2568 1292 2628; x_wconf 91' lang='lat' dir='ltr'><strong>liber0,</strong></span> <span class='ocrx_word' id='word_1_241' title='bbox 1328 2585 1472 2633; x_wconf 89' lang='lat' dir='ltr'><strong>aqua,</strong></span> <span class='ocrx_word' id='word_1_242' title='bbox 1506 2579 1557 2619; x_wconf 88' lang='lat' dir='ltr'><strong>et</strong></span> 
     </span>
     <span class='ocr_line' id='line_1_33' title="bbox 159 2642 1558 2707; baseline 0.001 -15"><span class='ocrx_word' id='word_1_243' title='bbox 159 2643 350 2692; x_wconf 77' lang='lat' dir='ltr'><strong>caeteris</strong></span> <span class='ocrx_word' id='word_1_244' title='bbox 388 2642 613 2691; x_wconf 88' lang='lat' dir='ltr'><strong>omnibus</strong></span> <span class='ocrx_word' id='word_1_245' title='bbox 660 2642 775 2690; x_wconf 87' lang='lat' dir='ltr'><strong>vitae</strong></span> <span class='ocrx_word' id='word_1_246' title='bbox 812 2642 1111 2690; x_wconf 76' lang='lat' dir='ltr'><strong>necessariis,</strong></span> <span class='ocrx_word' id='word_1_247' title='bbox 1183 2643 1308 2691; x_wconf 89' lang='lat' dir='ltr'><strong>Cum</strong></span> <span class='ocrx_word' id='word_1_248' title='bbox 1341 2644 1494 2707; x_wconf 83' lang='lat' dir='ltr'><strong>igitur</strong></span> <span class='ocrx_word' id='word_1_249' title='bbox 1528 2663 1558 2695; x_wconf 90' lang='lat' dir='ltr'><strong>a</strong></span> 
     </span>
     <span class='ocr_line' id='line_1_34' title="bbox 159 2719 1556 2784; baseline 0.001 -17"><span class='ocrx_word' id='word_1_250' title='bbox 159 2735 332 2784; x_wconf 90' lang='lat' dir='ltr'><strong>pacem</strong></span> <span class='ocrx_word' id='word_1_251' title='bbox 346 2719 627 2767; x_wconf 88' lang='lat' dir='ltr'><strong>ineuntibus</strong></span> <span class='ocrx_word' id='word_1_252' title='bbox 644 2719 799 2766; x_wconf 90' lang='lat' dir='ltr'><strong>multa</strong></span> <span class='ocrx_word' id='word_1_253' title='bbox 804 2719 933 2781; x_wconf 82' lang='lat' dir='ltr'><strong>jura</strong></span> <span class='ocrx_word' id='word_1_254' title='bbox 940 2719 1244 2767; x_wconf 91' lang='lat' dir='ltr'><strong>retineantur</strong></span> <span class='ocrx_word' id='word_1_255' title='bbox 1262 2721 1556 2781; x_wconf 91' lang='lat' dir='ltr'><strong>communia,</strong></span> 
     </span>
     <span class='ocr_line' id='line_1_35' title="bbox 160 2795 1557 2861; baseline 0 -17"><span class='ocrx_word' id='word_1_256' title='bbox 160 2796 316 2844; x_wconf 87' lang='lat' dir='ltr'><strong>multa</strong></span> <span class='ocrx_word' id='word_1_257' title='bbox 352 2796 502 2844; x_wconf 89' lang='lat' dir='ltr'><strong>etiam</strong></span> <span class='ocrx_word' id='word_1_258' title='bbox 540 2795 858 2859; x_wconf 89' lang='lat' dir='ltr'><strong>acquirantur</strong></span> <span class='ocrx_word' id='word_1_259' title='bbox 888 2795 1115 2858; x_wconf 84' lang='lat' dir='ltr'><strong>propria3</strong></span> <span class='ocrx_word' id='word_1_260' title='bbox 1154 2795 1401 2845; x_wconf 90' lang='lat' dir='ltr'><strong>dictamen</strong></span> <span class='ocrx_word' id='word_1_261' title='bbox 1435 2797 1557 2861; x_wconf 87' lang='lat' dir='ltr'><strong>legis</strong></span> 
     </span>
     <span class='ocr_line' id='line_1_36' title="bbox 162 2871 1558 2938; baseline 0.001 -19"><span class='ocrx_word' id='word_1_262' title='bbox 162 2871 399 2919; x_wconf 87' lang='lat' dir='ltr'><strong>naturalis</strong></span> <span class='ocrx_word' id='word_1_263' title='bbox 423 2888 609 2920; x_wconf 90' lang='lat' dir='ltr'><strong>nonum</strong></span> <span class='ocrx_word' id='word_1_264' title='bbox 632 2871 802 2929; x_wconf 90' lang='lat' dir='ltr'><strong>oritur,</strong></span> <span class='ocrx_word' id='word_1_265' title='bbox 827 2886 1013 2938; x_wconf 12' lang='lat' dir='ltr'><strong>nempe,</strong></span> <span class='ocrx_word' id='word_1_266' title='bbox 1028 2877 1082 2918; x_wconf 83' lang='lat' dir='ltr'><strong>ut</strong></span> <span class='ocrx_word' id='word_1_267' title='bbox 1106 2888 1418 2937; x_wconf 70' lang='lat' dir='ltr'><strong>quaecumque</strong></span> <span class='ocrx_word' id='word_1_268' title='bbox 1428 2874 1558 2936; x_wconf 81' lang='lat' dir='ltr'><strong>jura</strong></span> 
     </span>
    </p>
   </div>
   <div class='ocr_carea' id='block_1_6' title="bbox 164 2946 1558 3014">
    <p class='ocr_par' dir='ltr' id='par_1_6' title="bbox 164 2946 1558 3014">
     <span class='ocr_line' id='line_1_37' title="bbox 164 2946 1558 3014; baseline 0.002 -19"><span class='ocrx_word' id='word_1_269' title='bbox 164 2948 502 3014; x_wconf 71' lang='lat' dir='ltr'><strong>unusquisque</strong></span> <span class='ocrx_word' id='word_1_270' title='bbox 552 2947 855 3013; x_wconf 69' lang='lat' dir='ltr'><strong>sibimetipsi</strong></span> <span class='ocrx_word' id='word_1_271' title='bbox 891 2946 1142 3011; x_wconf 74' lang='lat' dir='ltr'><strong>postulat,</strong></span> <span class='ocrx_word' id='word_1_272' title='bbox 1178 2948 1350 2998; x_wconf 83' lang='lat' dir='ltr'><strong>eadem</strong></span> <span class='ocrx_word' id='word_1_273' title='bbox 1407 2950 1558 2998; x_wconf 84' lang='lat' dir='ltr'><strong>etiam</strong></span> 
     </span>
    </p>
   </div>
  </div>
 </body>
</html>
