1968 3256
398 282 470 318 DE
497 282 636 320 Loco
664 283 892 322 omnen
916 282 1260 331 APPARENTE,
1286 285 1404 322 mc,
1529 277 1587 323 51

210 393 360 449 ducta
380 396 643 458 incidente,
669 399 806 462 cujus
840 397 1022 446 reflexa
1056 406 1188 447 secet
1223 399 1352 448 oculi
1385 416 1593 484 perpen-
1641 422 1770 456 SECT
1795 419 1847 455 11.

209 470 427 523 diculum
472 473 536 525 ad
579 474 783 538 angulos
832 481 1022 531 rectos;
1073 482 1220 539 atque
1260 475 1390 523 infra
1434 476 1593 539 ipsum
1731 474 1762 505 ⁶·

207 549 610 613 perpendiculum
645 557 696 597 et
729 549 858 598 intra
894 549 1014 598 duas
1049 558 1209 598 rectas
1242 550 1593 614 perpendiculo
1612 569 1655 597 00
1658 568 1707 596 ulo
1720 570 1784 596 to
1766 566 1879 604 objecto

208 624 338 682 oculi
369 624 636 690 parallelae,
672 640 782 690 quae
816 625 1067 696 speculum
1099 626 1353 689 utrinque
1370 622 1649 689 tanganffi,e
1623 615 1737 688 ¹2⁹⁰*
1713 610 1775 639 ⁸¹⁶⁸
1716 609 1881 683 Μῗῑεζξέζί

209 700 447 752 collocato
471 701 678 766 objecto,
701 700 866 750 locum
897 702 1001 765 ejus
1024 709 1342 766 apparentem
1360 702 1593 751 invenire.
1613 664 1868 770 ‘c'fflmpgffiff

277 777 352 829 Sit
390 776 642 844 speculum
681 776 786 840 (fig.
824 777 875 839 3)
919 778 965 826 A
981 778 1021 825 B
1038 778 1092 837 C,
1129 785 1354 826 centrum
1388 778 1493 841 ejus
1531 778 1592 837 D,

208 852 406 903 oculus
393 869 445 903 m
457 853 514 910 E,
531 852 935 919 perpendiculum
953 853 1082 903 oculi
1101 853 1141 902 B
1156 855 1212 902 E.
1249 854 1411 902 Ducta
1429 861 1595 902 autem

206 928 303 979 EC
338 928 521 978 reflexa
559 929 623 977 sit
657 945 747 993 per
788 929 901 988 CA,
937 929 1007 978 ita
1039 936 1096 977 ut
1132 929 1171 977 C
1189 930 1235 977 A
1254 936 1387 977 secet
1409 930 1450 978 E
1467 930 1507 977 B
1532 929 1596 977 ad

207 1004 411 1068 angulos
433 1011 593 1055 rectos
614 1026 626 1062 ;
663 1005 920 1070 ductaeque
944 1006 1041 1054 sint
1066 1006 1105 1054 C
1120 1006 1177 1066 G,
1202 1006 1248 1055 A
1264 1007 1302 1054 F
1324 1013 1474 1054 rectae
1497 1007 1537 1056 E
1555 1007 1595 1055 B

205 1080 465 1146 parallelae.
535 1081 699 1130 Posito
719 1082 822 1146 jam
857 1082 1050 1146 objecto
1074 1082 1126 1130 in
1151 1083 1197 1131 K
1213 1083 1268 1138 L,
1294 1089 1491 1146 oportet
1521 1082 1596 1130 in-

205 1156 372 1208 venire
404 1156 569 1209 locum
606 1159 709 1223 ejus
745 1165 1079 1222 apparentem.
1150 1158 1407 1207 Ducantur
1436 1174 1524 1222 per
1549 1160 1595 1207 K

205 1239 258 1290 et
278 1233 320 1282 L
341 1240 491 1283 rectae
516 1234 562 1283 K
577 1234 649 1292 M,
673 1235 713 1282 L
729 1235 776 1282 N
800 1233 1046 1298 parallelae
1080 1235 1430 1299 perpendiculo
1467 1235 1595 1284 oculi

206 1307 248 1357 B
262 1309 302 1357 Ε
322 1330 336 1367 ;
369 1301 803 1374 intelliganturque
821 1317 1006 1374 puncta
1031 1311 1077 1360 K
1093 1318 1143 1359 et
1160 1311 1200 1361 L
1218 1312 1404 1360 moveri
1427 1312 1478 1360 in
1502 1311 1595 1361 illis

204 1385 448 1453 parallelis
480 1401 648 1437 versus
687 1393 872 1453 puncta
903 1386 958 1437 M
999 1395 1050 1435 et
1090 1387 1153 1446 Ν,
1195 1387 1352 1436 donec
1387 1388 1458 1437 ita
1498 1388 1596 1437 sint

50 1467 58 1480 ·
134 1505 136 1507 .
205 1461 458 1522 collocata,
482 1463 693 1527 exempli
716 1463 892 1527 gratia,
917 1463 970 1511 in
994 1464 1037 1512 Ο
1062 1470 1111 1512 et
1134 1464 1186 1523 P,
1210 1472 1267 1513 ut
1286 1464 1508 1513 incidens
1533 1466 1594 1513 ab

206 1538 266 1598 Ο,
289 1545 410 1603 puta
431 1539 475 1588 O
493 1539 556 1599 Q,
588 1540 870 1588 reflectatur
905 1540 970 1588 ad
1003 1541 1042 1588 E
1077 1556 1166 1604 per
1198 1550 1439 1604 punctum
1470 1542 1521 1598 P,
1547 1547 1597 1588 et

188 1614 420 1666 ‚vicissim
458 1615 678 1665 incidens
712 1633 743 1664 a
777 1617 829 1675 P,
853 1623 974 1680 puta
997 1617 1035 1664 P
1049 1617 1110 1676 R,
1142 1617 1425 1666 reflectatur
1458 1616 1522 1666 ad
1555 1618 1595 1665 E

204 1707 294 1757 per
316 1692 376 1742 Ο.
445 1692 555 1741 Erit
576 1699 741 1742 autem
765 1693 808 1741 O
825 1693 862 1741 P
884 1693 1013 1740 inter
1037 1699 1262 1741 centrum
1285 1701 1336 1741 et
1358 1694 1594 1742 verticem

206 1768 378 1819 circuli
413 1784 620 1836 semper.
691 1770 867 1819 Ductae
903 1768 1081 1817 deinde
1118 1769 1158 1816 B
1175 1769 1234 1829 Ο,
1261 1769 1301 1819 Β
1318 1770 1370 1830 Ρ,
1397 1769 1594 1833 quando

207 1860 331 1909 opus
355 1852 444 1904 est,
468 1844 821 1910 producantur.
891 1846 920 1894 J
923 1862 1003 1893 am
1026 1862 1056 1894 a
1078 1853 1264 1909 puncto
1284 1847 1330 1894 K
1350 1846 1498 1894 ducta
1520 1846 1596 1895 in-

53 1975 58 1980 ·
207 1920 376 1971 cidens
400 1921 447 1969 K
463 1921 497 1969 S
520 1921 801 1969 reflectatur
824 1920 888 1969 ad
912 1921 954 1970 Ε
979 1938 1068 1986 per
1093 1922 1125 1970 S
1140 1923 1197 1980 E,
1221 1929 1271 1971 et
1294 1939 1324 1971 a
1346 1930 1530 1986 puncto
1555 1923 1596 1971 L

126 2034 129 2035 γ
208 1992 357 2046 ducta
377 1997 599 2046 incidens
623 1998 722 2045 LV
744 1998 1026 2046 reflectatur
1061 1998 1125 2046 ad
1158 1998 1199 2046 E
1233 2015 1322 2063 per
1344 2000 1388 2046 V
1404 2000 1444 2047 E
1466 2020 1478 2055 ;
1522 2015 1596 2047 se-

207 2081 416 2138 centque
440 2073 544 2133 SE,
568 2074 666 2122 VE
690 2081 847 2122 rectas
872 2073 912 2122 B
929 2075 980 2134 P,
1006 2075 1046 2122 B
1063 2075 1105 2123 O
1130 2074 1181 2123 in
1199 2075 1249 2123 X
1275 2082 1324 2123 et
1342 2075 1401 2124 Y.
1471 2075 1595 2124 Dico

209 2152 255 2200 K
278 2158 329 2200 et
351 2151 392 2200 L
413 2151 697 2215 apparitura
731 2166 835 2199 esse
870 2151 1000 2200 inter
1031 2151 1081 2200 X
1106 2159 1156 2200 et
1178 2152 1237 2211 Y,
1261 2168 1438 2216 nempe
1474 2153 1520 2201 K
1544 2153 1596 2200 in

206 2227 266 2288 Y,
291 2235 342 2276 et
362 2234 602 2292 punctum
625 2227 666 2275 L
688 2227 740 2275 in
763 2227 827 2275 X.

275 2304 329 2353 Si
352 2305 600 2368 objectum
625 2305 670 2352 K
687 2304 727 2352 L
748 2304 962 2368 positum
986 2311 1114 2353 esset
1134 2305 1186 2353 in
1206 2305 1248 2354 O
1266 2306 1317 2365 P,
1341 2315 1460 2354 tunc
1489 2305 1598 2370 (per

206 2379 570 2445 precedentem)
592 2388 795 2445 apparet
817 2380 869 2428 in
891 2381 996 2445 ipso
1021 2381 1111 2429 ΟΡ
1129 2381 1218 2429 sub
1237 2382 1418 2445 angulo
1437 2383 1528 2430 OE
1544 2382 1595 2430 P.

209 2457 488 2507 Recedente
530 2463 696 2505 autem
728 2457 920 2520 objecto
956 2473 987 2505 a
1018 2457 1201 2505 vertice
1237 2457 1368 2506 inter
1403 2459 1597 2506 easdem

207 2533 462 2601 parallelas
486 2533 529 2581 O
546 2533 608 2592 K,
636 2533 673 2581 P
689 2533 743 2592 L,
768 2531 974 2596 angulus
997 2532 1204 2582 visorius
1223 2550 1415 2598 semper
1437 2535 1597 2583 minor

207 2610 280 2670 fit,
301 2608 474 2668 donec,
498 2608 785 2657 continuata
801 2607 853 2656 in
872 2608 1119 2657 infinitum
1142 2610 1429 2670 remotione,
1443 2610 1599 2659 latera

209 2686 377 2751 anguli
412 2685 580 2734 visorii
617 2685 846 2734 exeuntia
881 2685 942 2734 ab
967 2686 1108 2734 oculo
1142 2686 1182 2734 E
1207 2687 1438 2750 parallela
1460 2687 1596 2748 fiant,

208 2763 287 2812 vel
308 2762 472 2829 potius
497 2769 672 2812 coeant
706 2762 758 2810 in
792 2777 942 2810 unam
974 2770 1162 2811 rectam
1184 2763 1224 2811 E
1242 2763 1297 2812 B.
1367 2764 1456 2812 Est
1479 2780 1597 2828 ergo

207 2847 447 2907 punctum
476 2840 518 2889 B
551 2846 791 2905 punctum
826 2839 1180 2887 evanescentiae
1215 2839 1382 2903 anguli
1415 2839 1596 2888 visorii.

210 2916 338 2967 Cum
383 2915 550 2982 itaque
595 2916 841 2981 objectum
886 2915 1101 2980 positum
1143 2916 1195 2966 in
1236 2917 1279 2966 Ο
1295 2917 1332 2967 Ρ
1365 2924 1597 2982 appareat

1388 3010 1420 3043 E
1445 3010 1467 3040 2
