1994 3256
199 403 327 436 SECT.
348 403 400 436 11.

288 454 315 484 1.

211 542 380 570 Nutritiono
387 552 393 570 :

448 261 476 302 4
960 269 1030 302 DE
1059 268 1299 302 HOMINE.

450 378 610 427 cordis
632 378 889 428 diastolem
907 381 1069 428 efficit.
1139 381 1250 429 Quo
1269 380 1401 428 facto
1421 395 1506 427 cor
1522 395 1611 442 per
1629 380 1828 428 arterias

450 455 741 518 sanguinem
765 463 1014 514 exonerat,
1041 455 1125 517 qui
1147 462 1307 503 motus
1332 455 1511 503 dicitur
1535 455 1728 518 systole.

516 530 587 578 Ut
610 537 775 578 autem
801 531 918 593 quid
940 531 1060 578 illud
1085 531 1148 578 sit
1179 531 1231 578 in
1263 546 1389 589 aere,
1429 530 1561 592 quod
1582 537 1720 577 motu
1742 545 1839 582 suo,

449 605 734 667 sanguinem
776 605 827 652 in
865 606 1001 653 venis
1040 621 1237 653 movere
1275 605 1445 668 possit,
1484 604 1828 667 concipiamus,

450 681 756 728 considerare
782 686 975 743 oportet
998 697 1060 728 an
1092 681 1143 727 in
1171 681 1304 728 omni
1327 696 1437 728 aere
1461 696 1598 743 aeque
1620 680 1827 727 vivatur.

451 756 654 803 Constat
679 762 843 802 autem
868 756 1182 802 contrarium.
1251 756 1365 814 Aer,
1404 756 1445 803 si
1480 756 1632 821 aether
1668 771 1830 803 merus

451 839 592 889 esset,
624 831 957 893 homogeneus
990 839 1144 886 esset;
1182 840 1230 878 et
1259 831 1465 893 proinde
1489 831 1540 878 in
1564 830 1696 878 omni
1719 846 1839 878 aere-

450 922 589 970 aeque
619 906 891 960 viveretur3
928 907 1026 954 imo
1061 923 1162 954 non
1197 907 1394 953 omnino
1427 907 1685 964 viveretur,
1719 922 1830 953 cum

451 998 612 1029 merus
637 996 719 1028 aer
742 980 813 1027 ita
836 997 1031 1028 movere
1060 981 1361 1044 sanguinem,
1385 988 1441 1028 ut
1464 990 1693 1028 nascatur
1716 980 1830 1028 inde

451 1057 611 1104 cordis
649 1056 828 1119 systole
869 1063 918 1103 et
959 1056 1176 1114 diastole,
1217 1073 1317 1104 non
1352 1057 1519 1119 possit.
1590 1057 1832 1103 Praeterea

456 1132 710 1194 cognitum
734 1131 1031 1193 experientia
1054 1139 1144 1190 est,
1169 1147 1279 1178 aere
1305 1147 1478 1194 pauco,
1508 1130 1594 1178 sed
1620 1131 1671 1178 in
1706 1131 1830 1178 vesi-

451 1223 559 1254 cam
574 1207 623 1253 vi
641 1206 828 1253 intruso
845 1213 893 1253 et
910 1223 1055 1269 parce
1072 1207 1264 1265 hausto,
1274 1206 1437 1254 durari
1451 1222 1592 1269 posse
1610 1205 1660 1252 in
1676 1206 1829 1254 fundo

451 1282 598 1329 maris
634 1297 718 1329 sex
754 1281 885 1328 horis
926 1282 1196 1336 continuis;
1234 1281 1364 1344 quod
1392 1281 1499 1328 fieri
1537 1281 1830 1344 impossibile

451 1364 591 1415 esset,
628 1357 667 1404 si
704 1373 787 1404 aer
819 1357 900 1404 ille
935 1357 1149 1405 intrusus
1182 1373 1342 1404 merus
1373 1364 1514 1404 esset.
1584 1357 1712 1404 Nam
1747 1372 1832 1404 aer

452 1432 602 1479 semel
624 1432 825 1479 haustus
849 1440 898 1479 et
930 1433 1134 1491 efflatus,
1167 1432 1475 1495 quantumvis
1497 1432 1829 1494 refrigeratus,

451 1507 630 1554 iterum
665 1515 890 1570 receptus
924 1508 1040 1555 vitae
1078 1508 1260 1555 inutilis
1300 1515 1389 1554 est.
1461 1507 1586 1555 Sunt
1626 1523 1743 1570 ergo
1779 1507 1831 1554 in

451 1598 564 1630 aere
604 1582 892 1645 corpuscula
926 1582 1088 1645 aliqua
1121 1599 1224 1646 prae
1260 1582 1523 1645 exiguitate
1557 1581 1829 1641 invisibilia,

455 1672 566 1719 quae
589 1664 777 1703 motum
810 1656 941 1703 hunc
973 1657 1221 1719 sanguinis
1243 1657 1295 1704 in
1316 1657 1468 1715 venis,
1501 1673 1596 1719 quo
1621 1672 1705 1704 cor
1726 1673 1831 1704 mo-

451 1739 610 1790 vetur,
634 1732 849 1779 efficiunt
867 1739 1005 1779 motu
1025 1748 1111 1780 suo
1129 1732 1354 1779 naturali.
1424 1731 1683 1791 Nimirum,
1700 1739 1758 1780 ut
1779 1732 1831 1779 in

453 1806 576 1853 mari
601 1806 686 1864 sal,
722 1807 792 1853 ita
826 1814 899 1854 est
934 1807 985 1853 in
1020 1823 1130 1854 aere
1166 1807 1253 1854 sali
1286 1806 1469 1870 aliquid
1502 1807 1830 1870 homologum,

455 1897 546 1928 ceu
567 1882 765 1939 nitrum,
801 1882 932 1944 quod
960 1898 1047 1945 per
1075 1882 1441 1945 respirationem
1473 1883 1524 1930 in
1549 1882 1832 1946 sanguinem
1879 1875 1881 1877 ’

454 1967 704 2019 receptum
738 1957 872 2003 illum
907 1957 1060 2020 agitat
1092 1957 1465 2020 fermentatque,
1498 1973 1645 2006 venas
1675 1965 1726 2006 et
1748 1973 1833 2006 cor

455 2031 704 2089 distendit,
729 2040 779 2079 et
801 2048 889 2095 per
912 2032 1071 2080 cordis
1097 2033 1342 2096 systolem,
1360 2033 1682 2081 mediantibus
1705 2040 1832 2081 arte-

452 2106 551 2165 riis,
576 2107 626 2154 in
649 2107 870 2154 habitum
894 2108 1110 2170 corporis
1134 2108 1333 2155 humani
1357 2108 1671 2156 distribuitur.
1720 2107 1831 2156 Mo-

453 2190 532 2229 tus
560 2191 740 2241 autem,
778 2198 920 2245 quem
954 2183 1242 2245 corpuscula
1272 2183 1390 2230 talia
1420 2184 1600 2231 habere
1634 2183 1828 2242 debent,

453 2257 575 2304 alius
600 2273 703 2304 esse
726 2273 825 2304 non
848 2264 1008 2319 potest
1033 2273 1178 2320 quam
1197 2258 1236 2305 is
1258 2274 1401 2321 quem
1424 2258 1548 2321 (cap.
1570 2273 1692 2306 xx1.
1711 2265 1828 2306 sect.

453 2330 534 2378 De
573 2330 813 2396 Corpore)
852 2338 1028 2379 motum
1070 2331 1342 2396 simplicem
1382 2333 1741 2396 appellavimus,
1781 2340 1831 2381 et

451 2406 838 2454 fermentationis
863 2407 1019 2454 omnis
1039 2423 1235 2454 causam
1254 2424 1356 2455 esse
1376 2408 1827 2456 demonstravimus.

453 2482 626 2543 Neque
651 2482 878 2544 cuiquam
901 2482 1079 2529 mirum
1102 2482 1195 2530 hoc
1223 2483 1379 2531 videri
1402 2483 1559 2542 debet,
1584 2499 1697 2530 cum
1719 2498 1828 2530 san-

450 2557 610 2618 guinis
629 2564 679 2604 et
699 2556 858 2604 cordis
881 2564 1070 2604 motum
1095 2557 1215 2615 sisti,
1239 2558 1527 2621 morbosque
1551 2565 1601 2605 et
1622 2565 1830 2605 mortem

449 2647 511 2678 ex
549 2632 727 2679 haustu
764 2632 888 2679 aeris
925 2632 1201 2692 insalubris,
1236 2633 1287 2681 id
1327 2640 1399 2681 est
1440 2649 1499 2680 ex
1540 2633 1829 2696 quibusdam

450 2707 747 2769 corpusculis
779 2708 890 2754 vitae
924 2707 1193 2755 rationibus
1221 2708 1474 2755 contrariis
1497 2707 1548 2755 in
1571 2724 1682 2756 aere
1705 2708 1829 2756 exis-

450 2782 664 2829 tentibus
701 2783 960 2846 saepissime
996 2783 1131 2846 sequi
1164 2783 1428 2842 videamus,
1463 2790 1513 2831 et
1547 2791 1733 2842 contra,
1768 2799 1827 2831 ex

451 2857 557 2904 aliis
591 2857 742 2905 vitam'
780 2866 829 2905 et
866 2858 1125 2906 sanitatem
1163 2858 1450 2906 conservari.
1522 2858 1658 2906 Sicut
1696 2858 1824 2907 enim
