2020 3262
176 429 303 461 SECT.
320 429 368 461 11.

252 480 300 510 ll.

164 572 292 601 Pulchra
305 583 377 611 quae.

151 2669 234 2696 Bona
243 2669 411 2705 comparata.

432 287 518 329 102
950 298 1020 331 DE
1047 276 1286 330 HOMINE.

424 406 510 454 sed
543 407 741 465 inutilis,
778 407 1012 469 simulque
1048 407 1195 454 animi
1230 406 1462 453 indicium
1495 422 1595 454 non
1617 423 1792 471 magna

425 483 661 530 conantis.

488 558 632 604 Artes
651 556 874 604 didicisse
897 558 957 604 ab
981 557 1103 614 aliis,
1127 556 1178 603 id
1201 563 1287 614 est,
1313 556 1509 603 doctum
1532 571 1651 614 esse,
1673 556 1792 604 utile

424 632 633 696 quidem,
671 631 755 679 sed
791 648 889 678 non
927 632 1214 694 pulchrum;
1254 638 1309 678 ut
1348 631 1398 677 in
1434 646 1528 692 quo
1562 630 1683 677 nihil
1719 638 1793 679 est

423 707 685 770 egregium.
728 706 855 753 Nam
877 706 1019 768 pauci
1043 711 1155 752 sunt
1173 705 1255 767 qui
1280 704 1441 752 doceri
1460 720 1557 751 non
1574 711 1791 766 possunt.

488 781 681 829 Audere
705 780 756 827 in
779 779 1003 843 periculis
1027 796 1137 826 cum
1160 795 1234 826 res
1259 779 1485 842 postulat,
1509 779 1791 841 pulchrum:

423 858 535 921 quia
556 873 655 904 non
682 856 894 918 vulgare.
966 855 1050 902 Sin
1085 870 1160 901 res
1192 870 1289 901 non
1322 854 1549 917 postulet,
1589 854 1795 902 stultitia

423 940 512 990 est,
536 932 587 979 id
611 939 699 989 est,
724 939 881 993 turpe.
928 930 1087 992 Agere
1110 929 1161 975 in
1186 929 1317 976 omni
1339 929 1446 976 loco
1471 937 1794 992 congruenter

421 1008 616 1071 ingenio
635 1014 683 1054 et
705 1006 1005 1069 professioni,
1023 1005 1073 1052 111
1092 1004 1206 1051 viris
1225 1004 1492 1067 conspicuis
1509 1004 1764 1067 pulchrum
1780 1026 1792 1060 ;

421 1090 478 1130 ut
495 1082 726 1130 indicium
744 1081 923 1144 ingenii
938 1080 1092 1127 liberi.
1123 1079 1304 1127 Contra
1317 1080 1492 1138 facere,
1511 1080 1560 1127 111
1578 1080 1795 1142 personis

424 1157 693 1220 conspicuis
728 1164 869 1219 turpe
905 1163 978 1203 est
1012 1162 1060 1203 et
1094 1155 1240 1202 animi
1276 1155 1457 1203 servilis
1491 1163 1539 1203 et
1573 1155 1795 1203 habentis

424 1233 553 1295 quod
575 1239 735 1295 tegat:
761 1232 962 1295 pulchra
985 1238 1147 1278 autem
1170 1231 1293 1293 tegit
1316 1246 1472 1278 nemo.
1543 1231 1698 1278 Recta
1719 1247 1794 1278 re-

423 1307 735 1370 prehendere,
771 1306 1057 1369 ignorantiae
1081 1305 1288 1368 signum,
1325 1313 1497 1368 turpe:
1535 1321 1648 1353 nam
1672 1305 1794 1353 scire

425 1390 497 1430 est
518 1398 673 1445 posse.
743 1382 943 1444 Insuper
979 1381 1230 1428 convitiari
1259 1381 1461 1443 turpius,
1499 1380 1689 1443 signum
1721 1380 1794 1428 in-

425 1458 615 1506 eruditi.
674 1458 847 1504 Errare
866 1473 964 1504 non
982 1464 1138 1519 turpe,
1156 1455 1267 1519 quia
1285 1456 1505 1502 omnibus
1524 1471 1793 1503 commune.

427 1534 610 1596 Saepius
642 1548 817 1590 errare,
848 1532 1035 1579 doctori
1068 1538 1235 1594 turpe:
1274 1531 1387 1593 quia
1414 1539 1585 1579 contra
1610 1531 1795 1594 profes-

425 1610 623 1657 sionem.
1479 1606 1484 1612 '

491 1684 690 1732 Fiducia
726 1683 815 1741 sui,
852 1682 1136 1745 pulchrum:
1178 1697 1350 1743 nempe
1388 1681 1578 1743 signum
1617 1673 1796 1728 conscii

423 1759 616 1808 virtutis
641 1775 753 1806 suae.
802 1758 1092 1815 Ostentatio,
1116 1756 1270 1819 turpis
1289 1775 1298 1802 :
1329 1772 1442 1803 nam
1465 1755 1617 1803 oritur
1640 1756 1699 1803 ab
1722 1755 1796 1802 in-
1827 1747 1830 1750 ’

425 1834 641 1897 digentia
662 1833 833 1880 laudis.

490 1911 809 1971 Contemptus
847 1907 1137 1965 divitiarum,
1179 1922 1279 1953 non
1319 1905 1652 1962 maximarum,
1691 1904 1798 1967 pul-

424 1986 622 2033 chrum:
647 1983 878 2030 indicium
896 1982 1023 2029 enim
1048 1997 1147 2029 non
1170 1979 1430 2042 indigentis
1446 1995 1610 2042 parvo.
1646 1979 1798 2026 Amor

423 2060 656 2124 pecuniae,
680 2066 850 2120 turpe:
887 2057 1076 2119 signum
1102 2056 1219 2118 ejus,
1240 2054 1321 2116 qui
1344 2053 1407 2100 ad
1429 2053 1662 2116 quidlibet
1685 2052 1796 2100 duci

424 2142 585 2198 potest
606 2132 842 2180 mercede.
912 2132 1161 2186 Praeterea,
1188 2129 1378 2192 signum
1401 2135 1472 2176 est
1501 2127 1793 2191 indigentiae,

426 2210 571 2257 etiam
593 2210 642 2256 in
666 2207 939 2255 hominibus
962 2205 1246 2269 pecuniosis.

491 2285 747 2347 Ignoscere
770 2282 960 2329 veniam
993 2279 1193 2344 petenti,
1217 2279 1500 2342 pulchrum3
1537 2293 1649 2325 nam
1670 2277 1796 2324 indi-

425 2361 553 2408 cium
572 2358 761 2406 fiduciae
781 2357 868 2405 sui.
906 2356 1131 2404 Inimicos
1147 2355 1339 2418 placare
1356 2353 1616 2411 beneficiis,
1637 2359 1793 2415 turpe.

424 2436 511 2483 Est
534 2435 662 2482 enim
692 2432 1080 2495 redemptio‘sui,
1115 2447 1199 2478 seu
1221 2430 1352 2493 pacis
1378 2428 1572 2491 emptio,
1604 2428 1795 2491 signum

426 2509 734 2573 indigentiae3
771 2508 929 2556 solent
963 2507 1091 2554 enim
1124 2505 1342 2553 homines
1376 2520 1473 2551 non
1505 2518 1678 2561 emere,
1702 2502 1795 2549 nisi

427 2602 484 2633 ea
506 2586 678 2648 quibus
697 2584 930 2646 indigent.

500 2667 571 2708 14.
610 2660 745 2707 Bona
764 2665 813 2705 et
833 2657 960 2705 mala
984 2656 1024 2703 si
1049 2661 1402 2717 comparentur,
1422 2653 1575 2714 majus
1595 2658 1681 2708 est,
1706 2667 1796 2699 cae-

428 2736 545 2783 teris
567 2735 778 2797 paribus,
805 2732 934 2796 quod
958 2738 1031 2779 est
1059 2729 1346 2785 diuturnius,
1371 2735 1425 2775 ut
1458 2733 1617 2774 totum
1638 2733 1793 2789 parte.

492 2811 554 2857 Et
569 2809 711 2871 quod,
728 2808 912 2856 caeteris
926 2806 1136 2870 paribus,
1152 2803 1497 2861 vehementiuS,
1514 2802 1576 2850 ob
1593 2802 1794 2849 eandem

427 2900 634 2932 causam.
704 2884 943 2931 Differunt
968 2882 1094 2929 enim
1118 2879 1269 2941 magis
1292 2885 1340 2926 et
1373 2878 1532 2926 minus
1554 2884 1610 2925 ut
1641 2878 1794 2940 majus

427 2967 475 3007 et
498 2959 669 3006 minus.
