2020 3262
462 243 533 277 DE
560 241 750 277 REoNo
777 241 874 275 DEI
901 241 1008 275 PER
1034 241 1326 277 NATURAM.
1494 234 1590 277 343

185 371 390 421 preces.
464 354 737 419 Quifingit
770 369 948 401 sacros
966 369 1093 400 auro
1118 353 1199 401 vel
1220 370 1465 403 marmore
1489 355 1595 403 vul·
1636 379 1765 410 SEcvr,
1789 378 1858 410 111,

195 437 294 491 tus,
332 448 428 479 non
450 431 603 494 facit
645 429 734 478 ille
763 429 938 484 Deos;
985 429 1074 493 qui
1113 436 1286 493 rogat,
1324 430 1412 477 z'lle
1427 431 1593 494 facit.
1719 431 1769 460 ¹5·

195 506 323 555 Sunt
356 507 487 555 enim
514 522 701 571 preces
735 505 875 569 signa
905 505 1038 569 spei;
1075 521 1185 569 spes
1216 521 1334 553 vero
1349 507 1595 570 potentiae
1613 522 1831 572 Qu'oenmnsint

194 588 246 630 et
267 581 510 630 bonitatis
534 582 713 630 divinae
736 581 923 644 agnitio
948 588 1037 629 est.
1611 567 1879 639 ἶιῗῖἶῗζῗχῗὲζῖἱῗι

262 657 504 718 Secundo,
525 658 819 723 gratiarum
843 656 998 716 actio,
1019 672 1128 720 quae
1149 655 1369 719 ejusdem
1388 656 1593 704 affectus
1610 653 1789 682 ”atfflafi‘ess

193 733 388 798 signum
411 740 514 790 est;
550 733 646 782 nisi
670 733 804 797 quod
825 732 1120 781 beneficium
1144 731 1451 780 antecedant
1469 748 1593 796 pre-

192 825 292 868 ces,
311 809 496 874 gratia
521 815 904 873 consequantur.

255 885 441 944 Tertio,
482 885 629 944 dona,
671 884 725 933 id
762 892 837 933 est
882 883 1162 932 oblationes
1198 890 1248 932 et
1287 883 1554 946 sacrificia
1574 904 1591 939 ;

191 969 307 1010 sunt
328 961 460 1010 enim
479 961 774 1026 gratiarum
792 961 1033 1009 actiones.

259 1037 467 1096 Quarto,
502 1053 599 1084 non
609 1037 799 1100 jurare
826 1053 927 1100 per
951 1035 1120 1083 alium.
1190 1035 1280 1082 Est
1302 1034 1435 1082 enim
1456 1036 1593 1098 jura-

189 1121 412 1162 mentum
434 1112 647 1162 hominis
680 1119 854 1161 contra
887 1112 1119 1175 seipsum,
1145 1111 1187 1159 si
1209 1111 1364 1168 fallat,
1389 1111 1477 1159 irae
1501 1111 1593 1159 im-

187 1189 407 1253 precatio
442 1190 562 1253 cjus,
588 1188 673 1251 qui
707 1196 759 1236 et
793 1188 918 1236 scire
952 1195 1122 1235 utrum
1155 1186 1387 1235 fefellerit
1416 1203 1591 1245 necne,

188 1272 239 1313 et
254 1265 444 1329 punire,
465 1264 686 1328 quamvis
703 1271 974 1328 potentem,
990 1269 1156 1327 potest
1175 1283 1187 1311 ε
1220 1263 1273 1311 id
1288 1262 1420 1326 quod
1440 1263 1591 1311 solius

187 1342 281 1390 Dei
315 1347 405 1390 est.
477 1340 730 1404 Siquidem
765 1340 898 1388 enim
934 1340 1084 1388 homo
1125 1338 1301 1402 aliquis
1334 1345 1478 1398 esset,
1511 1339 1590 1387 cui

132 1414 134 1416 ’
186 1434 346 1481 neque
369 1416 606 1466 abscondi
630 1417 940 1465 subditorum
967 1431 1168 1464 suorum
1190 1414 1407 1474 malitia,
1431 1431 1591 1478 neque

185 1493 412 1542 resistere
447 1493 672 1557 potentia
708 1493 926 1540 humana
964 1497 1147 1555 posset,
1186 1491 1431 1538 sufficeret
1466 1491 1590 1539 fides

187 1569 317 1629 data,
338 1569 442 1618 sine
456 1570 741 1633 juramento
759 1589 771 1623 ;
798 1584 908 1632 quae
924 1567 1112 1615 violata
1125 1574 1293 1630 posset
1308 1567 1371 1614 ab
1388 1566 1591 1614 homine

185 1645 455 1701 vindicari3
490 1660 650 1708 neque
673 1644 827 1707 igitur
845 1645 1126 1707 juramento
1151 1650 1281 1691 esset
1304 1658 1442 1706 opus.

255 1721 462 1780 Quinto,
488 1721 552 1769 de
575 1720 687 1768 Deo
707 1720 1029 1768 considerate
1045 1718 1184 1783 loqui
1200 1737 1218 1774 ,·
1249 1719 1445 1782 signum
1460 1718 1591 1766 enim

188 1797 385 1845 timoris
419 1804 524 1853 est;
565 1796 713 1844 timor
747 1803 914 1844 autem
940 1795 1186 1860 potentiae
1219 1795 1461 1843 confessio
1497 1802 1588 1843 est.

188 1874 422 1938 Sequitur
445 1889 506 1921 ex
528 1880 779 1936 praecepto
803 1872 914 1930 hoc,
949 1888 1046 1919 non
1069 1888 1180 1919 esse
1211 1871 1446 1919 utendum
1487 1870 1590 1919 Dei

173 1950 379 1998 ¹nomine
414 1955 614 2007 temere,
646 1954 735 1995 aut
757 1947 979 2012 frustra
994 1966 1013 2002 ;
1051 1955 1315 2011 utrumque
1352 1946 1484 1995 enim
1518 1947 1589 1994 in-

185 2025 551 2075 consideratum
575 2031 648 2072 est
670 2043 681 2072 :
718 2041 814 2072 non
838 2040 949 2072 esse
959 2023 1240 2086 jurandum
1259 2022 1344 2070 ubi
1380 2040 1477 2071 non
1511 2030 1589 2071 est

186 2119 313 2167 opus
329 2121 349 2157 ;
385 2109 460 2150 est
486 2101 618 2149 enim
640 2101 840 2148 frustra.
911 2100 1048 2164 Opus
1080 2107 1248 2147 autem
1271 2115 1373 2147 non
1397 2107 1472 2147 est
1494 2099 1590 2147 nisi

185 2179 318 2227 inter
335 2179 577 2237 civitates,
593 2177 656 2226 ad
674 2176 932 2225 vitandum
950 2176 1028 2224 vel
1045 2175 1321 2224 tollendum
1339 2182 1590 2223 certamen

185 2271 274 2320 per
297 2255 417 2315 vim‚‘
439 2254 572 2318 quod
607 2253 724 2302 oriri
758 2269 957 2301 necesse
982 2260 1059 2301 est
1082 2252 1167 2300 ubi
1190 2251 1443 2316 promissis
1466 2251 1589 2299 fides

185 2331 354 2392 deest3
389 2331 467 2379 vel
491 2330 544 2378 in
569 2330 784 2389 civitate,
809 2329 873 2378 ad
891 2329 1190 2393 judiciorum
1226 2327 1587 2376 certitudinem.

187 2408 327 2466 Item,
369 2423 466 2454 non
506 2422 618 2453 esse
655 2404 1015 2470 disputandum
1056 2404 1120 2452 dc
1158 2404 1332 2452 divina
1364 2410 1553 2452 natura
1570 2423 1588 2459 ;

186 2482 494 2547 suppositum
519 2481 652 2529 enim
684 2488 760 2529 est
795 2481 847 2528 in
876 2496 1038 2544 regno
1062 2478 1165 2527 Dei
1194 2478 1442 2538 naturali,
1476 2478 1589 2526 sola

185 2558 386 2606 ratione
410 2557 574 2604 omnia
600 2556 808 2620 inquiri,
828 2555 925 2604 hoc
949 2562 1039 2614 est,
1064 2570 1132 2602 ex
1153 2555 1408 2619 principiis
1432 2554 1589 2603 scien-

186 2633 270 2682 tiae
292 2632 544 2681 naturalis.
618 2631 711 2679 His
736 2639 904 2679 autem
922 2638 1120 2678 tantum
1138 2631 1277 2678 abest
1299 2638 1356 2679 ut
1379 2630 1589 2679 sciamus

185 2717 414 2758 naturam
438 2709 545 2767 Dei,
571 2715 626 2755 ut
648 2724 710 2755 ne
736 2707 935 2771 quidem
958 2707 1117 2755 nostri
1151 2707 1369 2770 corporis
1393 2714 1480 2755 aut
1503 2723 1587 2755 cu-

182 2787 360 2849 jusque
395 2794 634 2833 creaturae
670 2785 998 2848 proprietates
1034 2784 1151 2831 satis
1186 2784 1382 2847 assequi
1432 2784 1586 2848 possi-

186 2877 307 2910 mus.
379 2862 452 2909 Ex
491 2860 771 2924 hujusmodi
818 2860 970 2924 igitur
1013 2859 1426 2923 disputationibus
1466 2860 1588 2908 nihil
