2020 3262
231 300 590 336 COMPARATIO
610 300 931 335 SPECIERUM
953 299 1134 335 TRIUM
1158 301 1455 336 CIVITATIS.
1491 291 1588 336 269

177 413 343 477 filiae,
365 420 624 479 cognatos,
640 413 920 478 gratiOSOS,
946 420 1094 476 atque
1119 413 1268 460 etiam
1292 413 1589 461 adulatores

193 489 352 538 ditare
370 491 540 554 possit.
613 489 958 538 Confitendum
982 496 1058 536 est
1093 488 1458 537 incommodum
1483 490 1590 553 qui-

195 565 308 614 dem
341 566 437 614 hoc
462 582 582 624 esse,
607 565 692 614 sed
717 582 776 613 ex
799 580 1004 612 numero
1031 580 1200 612 eorum
1237 581 1346 627 quae
1383 564 1434 611 in
1459 566 1591 612 omni

193 657 374 704 genere
405 642 618 690 civitatis
655 642 998 705 reperiuntur;
1034 641 1086 689 in
1110 640 1402 689 monarchia
1426 648 1592 687 autem

193 718 539 777 tolerabiliora,
565 734 709 781 quam
728 719 780 766 in
799 718 1125 766 democratia.
1195 717 1325 764 Nam
1344 724 1393 764 et
1418 717 1458 763 si
1476 717 1594 764 velit

195 793 466 841 monarcha
489 793 598 841 illos
635 793 950 857 locupletare,
973 793 1119 857 pauci
1142 799 1270 851 sunt,
1297 792 1412 855 quia
1447 791 1593 839 unius

195 876 327 917 sunt.
406 869 504 917 Sed
540 870 591 916 in
628 870 956 929 democratia,
994 876 1116 932 quot
1153 875 1268 917 sunt
1303 868 1592 932 demagogi‚

195 944 247 993 id
262 952 353 1004 est,
369 953 598 1009 potentes
614 945 745 1009 apud
760 946 996 1010 populum
1014 952 1261 1004 oratoreS,
1279 945 1363 1008 qui
1382 952 1431 992 et
1451 944 1595 992 simul

195 1021 360 1085 plures
399 1028 514 1069 sunt
536 1029 587 1069 et
618 1021 836 1084 quotidie
872 1021 988 1069 novi
1021 1021 1352 1079 suboriuntur,
1379 1027 1455 1068 tot
1483 1028 1597 1068 sunt

197 1097 283 1159 qui
302 1096 503 1156 liberos,
521 1104 780 1162 cognatm,
800 1097 1001 1156 amicos,
1023 1097 1415 1161 adalatoresqae
1436 1096 1597 1144 ditan-

198 1172 287 1221 dos
334 1173 534 1221 habent.
620 1173 837 1236 Cupiunt
884 1173 1015 1221 enim
1063 1173 1257 1236 singuli,
1304 1189 1405 1220 non
1449 1173 1596 1220 modo

196 1244 406 1297 familias
444 1264 556 1296 suas
593 1248 776 1297 divitiis
805 1256 1033 1312 potentes
1057 1249 1367 1312 illustresque
1392 1248 1598 1296 reddere

199 1333 439 1389 quantum
478 1331 697 1389 possunt,
741 1325 827 1373 sed
870 1325 1018 1374 etiam
1059 1326 1179 1374 alios
1226 1326 1301 1374 sui
1347 1325 1599 1373 muniendi

199 1416 347 1450 causa
364 1401 614 1449 beneficiis
635 1401 897 1450 devincire.
969 1402 1255 1450 Monarcha
1275 1402 1524 1449 ministros
1549 1409 1600 1449 et

197 1477 382 1526 amicos
406 1492 535 1536 suos,
563 1476 678 1540 quia
713 1494 814 1525 non
840 1487 956 1526 sunt
992 1478 1256 1535 numerosi,
1282 1479 1386 1526 sine
1420 1478 1600 1525 civium

195 1552 473 1617 dispendio,
493 1551 757 1601 deferendo
777 1553 963 1601 scilicet
986 1554 1079 1601 illis
1103 1554 1218 1602 belli
1241 1554 1472 1617 pacisque
1495 1569 1601 1601 mu-

198 1629 297 1688 nia,
311 1645 492 1693 magna
510 1645 570 1677 ex
583 1636 723 1692 parte
744 1629 940 1693 explere
963 1638 1155 1693 potest3
1192 1630 1244 1677 in
1269 1630 1598 1688 democratia,

198 1706 285 1754 ubi
306 1705 450 1754 multi
474 1706 684 1753 satiandi
708 1713 837 1765 sunt,
855 1714 905 1753 et
929 1722 1121 1770 semper
1144 1707 1275 1766 novi,
1294 1706 1401 1754 fieri
1425 1705 1477 1753 id
1495 1705 1600 1753 sine

198 1781 514 1846 oppressione
540 1781 720 1829 civium
742 1798 842 1830 non
872 1789 1049 1845 potest.
1120 1782 1406 1830 Monarcka
1431 1798 1603 1846 quam-

202 1873 350 1921 quam
384 1857 541 1921 possit
579 1857 809 1921 indignos
842 1874 1148 1921 promovere,
1186 1874 1312 1921 saepe
1349 1865 1514 1906 tamen
1551 1857 1604 1905 id

201 1934 366 1982 facere
402 1950 503 1981 non
539 1933 678 1988 vult;
723 1940 955 1981 oratores
996 1941 1159 1982 autem
1197 1935 1248 1981 in
1291 1933 1604 1982 democratia

200 2025 396 2073 semper
434 2010 530 2057 hoc
567 2025 736 2057 omnes
773 2010 897 2057 velle
939 2010 1298 2073 intelliguntur,
1337 2010 1447 2058 ideo
1490 2009 1605 2073 quia

198 2102 326 2150 opus
359 2093 462 2141 est3
499 2085 640 2133 aliter
677 2086 808 2133 enim
844 2087 1066 2150 potentia
1097 2102 1282 2146 eorum,
1309 2087 1393 2150 qui
1430 2075 1482 2134 id
1514 2086 1605 2134 soli

203 2163 442 2220 facerent,
479 2162 551 2210 ita
591 2170 848 2221 cresceret,
886 2170 942 2210 ut
978 2179 1078 2210 non
1110 2162 1257 2210 modo
1293 2163 1399 2222 sibi,
1431 2162 1517 2210 sed
1554 2170 1605 2210 et

200 2239 392 2288 civitati
414 2238 727 2287 formidanda
750 2246 891 2287 esset.

273 2317 322 2370 7.
359 2314 547 2363 Summi
582 2315 775 2378 imperii
804 2315 1167 2364 incommodum
1190 2315 1324 2363 aliud
1347 2324 1422 2363 est
1444 2322 1605 2363 metus

206 2391 288 2440 ille
309 2391 484 2440 mortis
508 2400 789 2455 perpetuus,
813 2391 865 2439 in
890 2408 985 2455 quo
1002 2408 1401 2456 unumquemque
1423 2407 1607 2441 versam

206 2483 407 2515 necesse
428 2474 517 2526 est,
543 2466 660 2515 dum
684 2474 879 2530 reputat
904 2484 1070 2516 secum
1088 2485 1231 2532 posse
1256 2485 1383 2528 eum,
1409 2469 1494 2533 qui
1516 2469 1607 2516 im-

206 2550 365 2608 perat,
401 2559 502 2591 non
542 2543 688 2591 modo
729 2559 915 2606 poenas,
951 2560 1073 2607 quas
1103 2545 1236 2604 velit,
1267 2545 1319 2592 in
1351 2561 1460 2608 quae
1489 2545 1610 2593 velit

209 2627 414 2683 peccata
437 2619 751 2678 constituere,
777 2619 862 2667 sed
887 2619 1034 2667 etiam
1067 2620 1198 2669 cives
1238 2621 1526 2669 innocentes
1558 2628 1610 2669 et

212 2696 298 2760 qui
319 2695 442 2744 nihil
471 2703 645 2744 contra
673 2696 805 2759 leges
847 2696 1211 2756 commiserunt,
1236 2697 1310 2745 ira
1333 2704 1384 2744 et
1406 2697 1608 2745 libidine

208 2771 448 2835 jugulare.
502 2772 665 2835 Atque
690 2787 922 2835 magnum
946 2772 1041 2820 hoc
1064 2788 1236 2820 revera
1257 2772 1309 2819 in
1333 2772 1467 2820 omni
1492 2772 1610 2820 civi-

214 2847 330 2895 tatis
347 2847 509 2911 specie
528 2847 894 2896 incommodum
914 2855 1003 2907 est,
1025 2847 1110 2895 ubi
1132 2848 1218 2895 fit:
1245 2848 1610 2896 incommodum

138 2972 143 2975 A
210 2923 346 2972 enim
380 2923 492 2973 ideo
516 2931 592 2973 est
627 2925 744 2988 quia
778 2925 850 2983 fit,
875 2941 974 2973 non
1011 2924 1126 2987 quia
1154 2925 1262 2973 fieri
1295 2931 1487 2989 potest:
1524 2924 1612 2974 sed

1630 432 1758 467 SECT.
1778 432 1846 466 111.

1721 486 1771 516 10.

1625 2322 1712 2351 Cives
1720 2323 1891 2351 innocentes

1592 2391 1602 2400 ,
1624 2367 1723 2395 minus
1749 2367 1890 2395 obnoxios

1625 2420 1687 2439 esse
1711 2411 1809 2448 poenis
1834 2411 1891 2438 sub

1624 2454 1793 2488 monarcha,
1801 2462 1891 2491 quam

1625 2499 1680 2526 sub
1690 2497 1807 2536 populo.
