2020 3262
496 230 590 275 334
1058 242 1302 281 ammeta

232 367 360 400 secr.
381 369 450 403 111.
493 367 659 402 omnes
692 354 774 419 qui
811 353 1023 404 divinam
1059 363 1329 420 agnoscunt
1367 358 1650 420 potentiam,
1674 369 1872 425 propter

317 419 369 453 15.

205 813 225 842 J
228 823 271 849 us,
283 824 341 853 quo
350 819 451 854 regnat

207 857 297 893 Deus,
305 859 393 887 situm
407 861 451 888 est

205 901 236 950 in
249 903 457 940 omnipotentia

491 435 714 478 naturam
737 432 1022 480 rationalem
1056 433 1277 480 omnibus
1314 449 1646 481 communem:
1684 442 1733 483 et
1745 449 1871 500 pro.

479 504 751 569 plu-aticum,
774 508 827 556 in
851 523 946 572 quo
969 509 1096 572 regit
1119 509 1265 557 etiam
1286 523 1374 572 per
1395 509 1592 557 verbum
1604 508 1870 576 propheti—

491 593 597 629 cum
618 599 639 638 ‚-
697 584 828 647 quod
867 584 1110 648 peculiare
1156 593 1246 644 est,
1291 592 1552 649 propterea
1598 586 1728 650 quod
1770 599 1871 637 non

490 658 713 708 omnibus
738 659 873 709 dedit
895 661 1027 724 leges
1041 662 1290 725 positivas,
1311 659 1398 710 sed
1419 662 1598 725 populo
1621 662 1869 726 peculiari,

489 740 539 782 et
563 735 708 783 certis
732 736 1019 799 quibusdam
1040 736 1315 785 hominibus
1339 754 1369 784 a
1392 753 1442 785 se
1475 737 1657 786 electis.
1716 753 1722 756 ·

556 815 602 858 5.
640 807 699 859 In
721 823 879 876 regno
903 811 1143 871 naturali,
1180 812 1417 875 regnandi
1441 819 1491 860 et
1512 810 1748 876 puniendi
1771 820 1869 874 eos,

488 885 571 947 qui
592 886 726 950 leges
761 902 869 936 suas
891 888 1091 948 violant,
1125 889 1205 952 jus
1229 889 1334 937 Deo
1357 896 1432 937 est
1455 905 1486 937 a
1520 889 1622 937 sola
1635 890 1869 954 potamia

486 957 816 1011 irresistibili,
886 964 974 1012 Jus
998 964 1126 1012 enim
1150 978 1294 1012 omne
1318 965 1370 1012 in
1392 965 1511 1012 alios
1537 965 1611 1012 vel
1633 977 1663 1012 a
1684 967 1878 1014 natura-

485 1043 575 1096 est,
598 1037 674 1085 vel
697 1051 728 1086 a
739 1046 914 1104 pacta
985 1040 1244 1089 Quomodo
1273 1041 1352 1103 jus
1375 1040 1611 1104 regnandi
1635 1052 1695 1088 ex
1707 1047 1868 1105 paeto

485 1113 656 1173 oritur,
681 1122 928 1163 ostensum
946 1123 1019 1164 est
1037 1117 1196 1180 capite
1220 1124 1372 1164 sexto.
1429 1117 1476 1164 A
1498 1122 1682 1163 natura
1705 1122 1868 1165 autem

482 1187 612 1236 idem
648 1190 729 1252 jus
760 1190 1020 1248 derivatur,-
1045 1207 1101 1239 eo
1136 1192 1240 1255 ipso
1265 1191 1397 1255 quod
1427 1208 1457 1239 a
1478 1199 1654 1239 natura
1675 1203 1777 1239 non
1799 1192 1864 1240 sit

483 1263 745 1312 sublatum,
815 1266 938 1313 Cum
961 1265 1090 1314 enim
1103 1282 1191 1330 per
1212 1274 1438 1315 naturam
1457 1268 1536 1329 jus
1560 1273 1688 1314 esset
1710 1266 1867 1316 omni-

482 1338 573 1386 bus
595 1340 647 1387 in
671 1340 849 1400 omnia,
869 1337 1128 1405 unicuique
1152 1349 1258 1390 erat
1275 1343 1354 1405 jus
1377 1343 1428 1390 in
1443 1358 1608 1390 omnes
1627 1343 1866 1406 regnandi

481 1413 576 1477 ipsi
611 1422 802 1464 naturae
839 1427 1073 1465 coaevum,
1143 1418 1300 1466 Causa
1336 1425 1515 1479 autem,
1551 1432 1702 1482 quare
1737 1419 1866 1466 inter

480 1489 702 1541 homines
740 1491 793 1539 id
822 1492 1058 1541 abolitum
1093 1489 1256 1553 fuerit,
1280 1493 1375 1541 alia
1404 1507 1504 1542 non
1543 1501 1648 1542 erat
1685 1501 1865 1558 praeter

480 1573 706 1615 mutuum
727 1574 928 1628 metum,
961 1575 1016 1616 ut
1050 1582 1196 1632 supra
1227 1569 1387 1632 capite
1405 1569 1635 1630 secundo,
1658 1570 1863 1618 articulo

463 1639 632 1702 tertie,
657 1649 907 1692 ostensum
925 1651 999 1692 est
1022 1664 1036 1701 ;
1074 1645 1292 1693 dictante
1311 1645 1496 1694 scilicet
1512 1646 1699 1694 ratione
1722 1646 1863 1695 dece-

481 1718 695 1768 dendum
731 1735 836 1768 esse
872 1736 902 1769 a
936 1722 1046 1784 jure
1084 1721 1168 1769 illo
1205 1728 1406 1785 propter
1451 1721 1859 1770 conservationem

479 1793 679 1844 humani
701 1797 926 1860 generis3
963 1797 1077 1860 quia
1099 1798 1428 1860 aequalitatem
1462 1797 1714 1846 hominum
1735 1797 1863 1846 inter

479 1887 530 1919 se
562 1873 724 1935 quoad
760 1873 886 1921 vires
925 1880 976 1921 et
1019 1874 1262 1937 potentias
1306 1873 1554 1922 naturales
1591 1874 1863 1922 necessario

480 1947 867 2011 consequebatur
902 1949 1115 2005 bellum3
1166 1962 1277 1997 cum
1311 1949 1438 1998 bello
1474 1955 1636 1997 autem
1669 1949 1861 2013 generis

477 2023 678 2072 humani
717 2021 958 2088 pernicies
999 2026 1261 2088 conjuncta
1307 2031 1394 2072 est.
1482 2023 1626 2074 Quod
1672 2024 1713 2073 si
1752 2025 1859 2089 quis

479 2103 682 2148 caeteros
723 2101 944 2164 potentia
976 2100 1028 2148 in
1051 2106 1243 2149 tantum
1266 2100 1509 2160 anteisset,
1545 2106 1602 2148 ut
1636 2100 1859 2148 resistere

477 2175 522 2223 ei
545 2191 607 2223 ne
644 2191 812 2224 omnes
836 2176 1032 2239 quidem
1068 2176 1339 2239 conjunctis
1361 2175 1543 2224 ‘viribus
1570 2175 1856 2239 potuissent,

475 2251 616 2309 ratic,
642 2266 791 2315 quare
818 2248 879 2299 de
897 2252 1006 2314 jure
1031 2251 1122 2299 sibi
1145 2267 1174 2299 a
1195 2259 1373 2299 natura
1403 2266 1632 2299 concesso
1651 2250 1856 2300 decede-

474 2334 566 2385 ret,
590 2324 724 2374 nulla
747 2327 946 2375 omnino
967 2326 1151 2375 fuisset.
1226 2327 1486 2375 Mansisset
1499 2327 1648 2391 igitur
1664 2326 1756 2390 ipsi
1774 2329 1854 2391 jus

476 2402 676 2450 dominii
699 2403 751 2450 in
782 2409 984 2451 caeteros
1013 2418 1180 2451 omnes
1203 2409 1403 2466 propter
1428 2402 1660 2466 potentiae
1689 2417 1854 2452 exces-

474 2492 595 2538 sum,
621 2493 716 2542 qua
739 2484 790 2526 et
820 2495 871 2526 se
908 2485 957 2527 et
994 2479 1103 2528 illos
1140 2494 1427 2527 conservare
1466 2478 1715 2542 potuisset.
1785 2479 1852 2527 Iis
1925 2524 1932 2531 ,

472 2554 638 2617 igitur,
663 2568 872 2618 quorum
911 2555 1143 2618 potentiae
1165 2554 1327 2603 resisti
1349 2570 1450 2602 non
1483 2559 1657 2617 potest,
1692 2560 1741 2602 et
1762 2571 1852 2617 per

473 2646 771 2694 consequens
794 2631 899 2678 Deo
914 2631 1248 2699 omnipotenti,
1268 2631 1348 2694 jus
1373 2629 1652 2678 dominandi
1670 2630 1730 2677 ab
1745 2629 1851 2693 ipsa

461 2706 697 2769 potentia
715 2705 976 2755 derivatur.
1045 2707 1108 2754 Et
1132 2707 1512 2770 quotiescunque
1530 2705 1660 2754 Deus
1676 2722 1846 2769 pecca-

469 2787 626 2829 torem
657 2781 800 2845 punit
835 2782 912 2830 vel
949 2783 1097 2830 etiam
1135 2782 1381 2841 interficit,
1406 2781 1495 2828 etsi
1530 2780 1640 2829 ideo
1657 2782 1660 2786 ’
1676 2782 1848 2845 puniat

471 2857 584 2920 quia
619 2864 919 2920 peceaverat,
943 2874 1042 2906 non
1065 2859 1229 2906 tamen
1253 2856 1511 2905 dicendum
1541 2863 1615 2905 est
1636 2872 1736 2905 non
1758 2872 1847 2921 po—

468 2932 618 2982 tuisse
636 2949 747 2982 eum
761 2933 967 2983 eundem
980 2934 1112 2996 juste
1126 2933 1338 2996 affligere
1350 2932 1428 2981 vel
1443 2932 1590 2982 etiam
1606 2932 1847 2993 occidere,
