1982 3256
434 261 504 294 DE
533 260 792 295 mop'rms
821 258 1170 303 DUPLICATIS,
1197 259 1315 294 mc,
1514 251 1575 294 85

183 368 307 418 illud
343 386 614 420 convexum
649 371 848 426 habent,
885 369 1125 432 optimum
1162 369 1284 416 illud
1316 376 1406 428 est,
1441 372 1578 434 cujus
1627 394 1753 426 SECT,
1775 393 1826 426 11,

185 445 450 510 dioptrum,
477 447 609 511 quod
631 447 823 510 objecto
857 444 1145 503 obvertitur,
1170 444 1396 492 maximae
1421 446 1578 508 sphae-
1714 446 1745 476 9·

183 537 254 570 1·ae
293 523 456 585 portio
497 531 599 578 est;
641 521 787 569 modo
825 526 1018 576 caetera,
1058 519 1291 567 nimirum
1326 520 1441 567 vitri
1475 538 1578 569 ma-

182 597 309 645 teria
354 605 404 646 et
447 599 619 662 figurae
665 603 894 645 accurata
945 596 1233 655 efformatio,
1280 596 1420 659 paria
1464 597 1576 645 sint.

183 672 315 721 Nam
350 681 400 722 et
433 675 589 739 major
623 674 717 722 erit
750 672 959 736 angulus
993 671 1216 731 visorius,
1251 671 1383 719 unde
1420 674 1578 736 majus

183 750 440 812 apparebit
475 751 736 814 obJectum,
771 757 821 797 et
854 749 1076 812 pluribus
1110 748 1259 796 radiis
1291 749 1377 796 fiet
1400 749 1580 797 illumi-

182 824 320 872 natio
337 816 362 880 ;’
386 825 457 874 ita
491 832 548 873 ut
588 825 809 889 quamvis
847 826 1004 888 majus
1042 831 1276 888 appareat
1313 825 1577 888 objectum,

181 915 283 949 non
305 908 470 949 tamen
506 902 617 950 ideo
653 901 811 948 minus
834 901 1060 948 videatur
1091 900 1291 948 clarum.
1363 900 1579 964 Ideoque

181 976 234 1024 in
271 977 502 1026 distincte
535 976 757 1024 videndis
792 983 1094 1024 remotorum
1128 976 1434 1039 objectorum
1466 993 1578 1040 par-

123 1093 126 1096 .
182 1053 313 1101 tibus
331 1053 694 1111 minutioribus,
715 1068 806 1116 ope
825 1052 1076 1115 telescopii
1097 1067 1154 1099 eo
1172 1067 1326 1115 usque
1345 1052 1578 1115 progredi

180 1136 345 1192 potest
379 1129 583 1177 scientia
615 1129 845 1186 humana,
877 1144 1130 1191 quousque
1164 1128 1371 1175 materia
1399 1128 1578 1176 idonea

180 1220 452 1268 manusque
471 1205 715 1252 artificum
734 1220 834 1252 non
853 1212 1146 1268 repugnent.
1195 1204 1361 1252 Potest
1379 1204 1577 1267 quidem

179 1280 287 1328 fieri
311 1288 367 1328 ut
389 1297 478 1344 per
502 1280 751 1344 dioptrum
784 1297 1055 1328 convexum
1090 1280 1293 1344 sphaerae
1317 1281 1578 1329 mediocris

178 1356 470 1419 portionem,
495 1356 690 1420 objecti,
724 1362 962 1419 quantum
998 1356 1106 1419 quis
1129 1356 1264 1415 velit,
1289 1356 1577 1419 magnitudo

179 1447 418 1496 apparens
453 1432 745 1495 amplietur3
788 1431 981 1495 dioptro
1023 1432 1210 1480 scilicet
1249 1432 1403 1480 altero
1444 1432 1577 1480 facto

179 1507 369 1555 minore
391 1526 401 1555 :
427 1508 515 1556 sed
537 1516 702 1556 tamen
738 1507 991 1567 inutiliter,
1018 1524 1130 1555 cum
1154 1508 1203 1556 in
1231 1508 1365 1556 omni
1388 1508 1577 1571 magni-

177 1583 349 1632 tudine
373 1590 654 1648 apparente,
687 1583 772 1630 ubi
807 1583 1056 1646 dioptrum
1092 1583 1226 1647 quod
1260 1584 1454 1647 objecto
1491 1584 1577 1631 ob-

177 1659 387 1708 vertitur
409 1659 540 1707 idem
563 1667 744 1718 manet,
770 1659 916 1706 etiam
939 1659 1105 1706 lumen
1128 1659 1259 1706 idem
1284 1659 1376 1707 erit
1396 1680 1407 1714 ;
1445 1658 1578 1722 quod

179 1734 376 1798 quidem
409 1735 574 1783 lumen
608 1736 660 1783 in
695 1736 879 1798 majore
930 1735 1082 1782 totius
1117 1735 1406 1798 apparentia
1444 1735 1577 1783 idem

179 1811 408 1870 existens,
428 1811 521 1859 erit
539 1818 705 1859 tamen
724 1811 775 1858 in
792 1811 1014 1873 partibus
1031 1810 1234 1874 singulis
1250 1811 1409 1858 minus
1429 1827 1575 1874 quam

178 1887 229 1935 in
276 1887 498 1950 partibus
545 1887 828 1950 aequalibus,
870 1887 956 1934 ubi
1002 1886 1288 1949 magnitudo
1335 1903 1575 1951 apparens

178 1962 339 2010 minor
362 1969 451 2010 est.

246 2043 294 2086 9.
331 2038 714 2101 Microscopium
753 2038 992 2101 optimum
1020 2037 1156 2099 (nam
1193 2038 1322 2086 vitra
1351 2038 1572 2102 pluribus
1590 2040 1703 2118 {1³:⁵¹8OE

163 2114 337 2162 'modis
352 2114 720 2162 conformantur
739 2121 789 2161 et
808 2114 1176 2177 conjunguntur
1191 2114 1255 2162 ad
1269 2115 1606 2163 reddendamc
1607 2085 1807 2165 ompjniture

178 2190 571 2254 magnitudinem
595 2197 912 2254 apparentem
935 2191 1240 2239 minutorum
1265 2192 1645 2255 obJectorumcon
1589 2172 1630 2200 du
1631 2172 1705 2244 ⁰2¹⁵
1682 2172 1763 2244 ‚53¹⁰
1746 2173 1836 2210 ‘'pffi

178 2267 432 2330 majorem)
466 2266 589 2314 illud
629 2274 719 2323 est,
761 2266 893 2330 quod
930 2267 988 2314 fit
1025 2283 1085 2314 ex
1123 2267 1313 2315 duobus
1365 2268 1571 2332 dioptris

177 2342 423 2400 convexis,
444 2359 668 2406 quorum,
694 2342 828 2406 quod
850 2342 1052 2390 minoris
1072 2343 1278 2406 sphaerae
1295 2344 1459 2407 portio
1480 2352 1569 2404 est,

178 2418 372 2482 objecto
397 2419 685 2482 applicatur,
710 2419 922 2466 alterum
958 2419 1087 2466 inter
1111 2420 1270 2483 ipsum
1302 2427 1352 2468 et
1376 2420 1572 2468 oculum

178 2493 538 2557 interponitur3
574 2494 645 2542 ita
667 2501 724 2542 ut
757 2494 1134 2558 microscopium
1166 2496 1260 2543 hoc
1285 2495 1408 2543 nihil
1438 2496 1573 2544 aliud

178 2570 244 2618 sit
264 2577 445 2634 praeter
467 2571 788 2634 telescopium
822 2571 1084 2619 inversum.
1157 2572 1417 2619 Rationem
1455 2588 1572 2620 con-

179 2645 462 2694 structionis
487 2647 590 2710 ejus
621 2646 863 2707 (adhibita
885 2647 1044 2709 figura
1067 2649 1237 2710 sexta),
1262 2663 1393 2696 nunc
1418 2647 1571 2711 expli-

179 2722 416 2771 cabimus.

248 2798 324 2846 Sit
351 2798 423 2860 (in
457 2799 618 2862 figura
653 2798 813 2862 sexta)
843 2799 1013 2848 oculus
1038 2798 1076 2846 A
1098 2800 1138 2847 B
1158 2799 1213 2859 C,
1238 2806 1464 2848 centrum
1494 2815 1572 2848 re-

180 2873 298 2923 tinae
335 2873 396 2932 D,
419 2874 523 2922 axis
555 2874 746 2939 opticus
780 2875 880 2923 ED
898 2874 950 2923 C.
1023 2874 1096 2923 Sit
1134 2875 1381 2939 dioptrum
1413 2875 1570 2939 majus

1705 2041 1837 2079 coiipra«

1748 2086 1828 2122 qod
