2020 3262
0 980 22 1181 ξ.

0 1224 17 1249 λγ,

350 250 422 283 DE
451 250 641 284 REGNo
670 250 767 283 DEI
795 249 900 282 PER
926 249 1150 283 PACTUM
1177 250 1374 283 vn'rus.
1461 240 1553 284 361

164 361 575 425 praesignificant;
613 361 779 425 quales
798 367 914 408 sunt
930 360 1277 424 praedictiones
1300 362 1566 424 propheta·
1607 383 1735 416 Smyr,
1757 382 1826 414 ιιι.

164 453 277 485 rum
299 437 403 485 fere
430 437 664 496 omnium,
689 443 746 485 ut
780 436 863 500 qui
898 452 999 483 non
1029 435 1208 499 palam,
1234 436 1361 483 sicut
1384 437 1565 496 Moses,
1694 435 1743 466 ¹⁶·

170 513 340 576 (Num.
359 514 443 561 xii.
464 514 536 576 8),
562 513 649 562 sed
671 529 774 578 per
793 512 1064 578 (enigmata
1088 518 1138 559 et
1151 512 1366 576 figuras
1396 512 1570 560 Domi-

165 606 278 638 num
322 589 508 637 vident.
579 589 654 637 De
698 589 774 637 his
816 596 983 636 autem
1020 587 1234 651 judicari
1279 588 1422 635 aliter
1467 605 1568 637 non

163 673 345 728 potest,
367 681 516 728 quam
542 681 633 730 per
661 665 907 713 rationem
940 664 1238 712 naturalem.
1309 664 1570 727 Dependet

165 739 298 788 enim
321 739 560 804 judicatio
588 740 674 788 illa
701 756 762 788 ex
796 739 1204 803 interpretatione
1237 739 1494 803 prophetae
1519 747 1570 788 et

165 816 533 880 comparatione
557 816 776 880 ejusdem
800 832 913 864 cum
937 823 1133 864 eventu.

239 898 314 940 12.
343 892 438 940 Pro
453 892 601 940 verbo
621 892 722 940 Dei
736 891 930 956 scripto
945 892 1196 939 habebant
1209 891 1371 939 Judaei
1387 891 1568 939 librum
1586 908 1742 958 Quoanam

163 967 288 1031 legis
301 968 470 1028 totius,
481 968 565 1032 qui
573 968 912 1032 appellabatur
925 967 1361 1015 Deuteronomium
1368 987 1389 1024 ,·
1412 985 1569 1033 usque
1585 953 1820 1034 ῗξῗζζξζῗζζ,

165 1051 332 1092 autem
355 1045 419 1092 ad
443 1044 796 1108 captivitatem,
821 1051 1061 1107 quantum
1085 1060 1146 1092 ex
1171 1044 1394 1093 Historia
1419 1046 1570 1093 Sacra

166 1120 332 1184 colligi
348 1128 528 1184 potest,
549 1120 688 1167 illum
706 1120 880 1167 solum.
951 1120 1083 1168 Nam
1105 1120 1230 1168 liber
1253 1120 1334 1169 hic
1358 1122 1571 1170 traditus

166 1203 242 1244 est
276 1196 339 1244 ab
367 1197 475 1260 ipso
500 1195 642 1244 Mose
679 1196 844 1256 (Deut.
869 1196 1000 1244 xxxi.
1021 1202 1069 1256 9,
1096 1198 1180 1259 26)
1217 1197 1569 1259 sacerdotibus,

165 1263 488 1320 asservandus
513 1279 564 1320 et
586 1272 899 1335 reponendus
922 1273 974 1321 in
998 1273 1153 1322 latere
1189 1290 1318 1322 arcae
1351 1275 1568 1335 foederis,

164 1355 217 1396 et
255 1365 286 1396 a
325 1349 525 1412 regibus
568 1348 919 1397 describendus
941 1371 952 1405 ;
1000 1350 1229 1414 idemque
1269 1351 1419 1415 longo
1454 1360 1571 1415 post

163 1431 388 1488 tempore
423 1425 723 1473 authoritate
764 1427 895 1489 regis
932 1427 1083 1474 Josiae
1125 1427 1174 1488 (2
1207 1427 1329 1490 Reg.
1359 1427 1495 1475 xxiii.
1527 1434 1569 1488 1,

164 1501 281 1564 etc.)
306 1517 398 1565 pro
423 1501 573 1549 verbo
606 1501 709 1549 Dee·
742 1503 1040 1565 recognitus
1112 1503 1293 1551 Caeteri
1314 1519 1433 1551 vero
1456 1504 1570 1552 libri

163 1577 468 1626 Testamenti
484 1578 677 1625 Veteris
702 1578 899 1640 quando
922 1577 1109 1625 fuerint
1131 1578 1183 1625 in
1207 1595 1448 1627 canonem
1467 1580 1568 1643 pri-

163 1670 302 1702 mum
339 1653 541 1716 recepti,
577 1669 679 1701 non
712 1661 934 1717 apparet.
1007 1653 1156 1703 Quod
1186 1661 1354 1702 autem
1387 1656 1568 1705 attinet

163 1729 229 1778 ad
245 1729 542 1794 prophetas,
567 1730 746 1778 Isaiam
770 1737 822 1777 et
845 1737 1065 1790 caeteros,
1091 1747 1206 1778 cum
1238 1732 1569 1795 praedicerent

162 1825 265 1857 non
287 1808 385 1856 nisi
408 1824 481 1867 ea,
507 1824 616 1871 quae
639 1808 719 1856 vel
742 1808 793 1856 in
818 1809 1102 1872 captivitate
1125 1810 1203 1858 vel
1226 1818 1338 1874 post
1362 1812 1571 1875 captivi-

163 1891 318 1932 tatem
350 1884 519 1932 futura
553 1892 707 1943 erant,
737 1901 908 1933 eorum
942 1886 1127 1950 scripta
1162 1902 1263 1935 non
1296 1895 1569 1951 potuerunt

162 1977 254 2024 pro
288 1961 590 2024 propheticis
625 1961 756 2009 illico
790 1962 979 2021 haberi,
1002 1969 1206 2026 propter
1236 1963 1397 2027 legem
1421 1980 1569 2027 supra

164 2036 367 2085 citatam
382 2053 443 2084 ex
458 2037 844 2086 Deuteronomio
858 2037 1009 2098 (xviii.
1020 2044 1100 2098 21,
1111 2040 1210 2101 22),
1220 2056 1316 2103 qua
1326 2041 1570 2104 jubeban-

162 2119 245 2160 tur
279 2113 532 2171 Israelitae,
558 2130 620 2161 ne
653 2130 744 2177 pro
778 2114 1023 2177 propheta
1055 2115 1297 2164 haberent
1320 2116 1416 2164 nisi
1437 2133 1566 2176 eum,

165 2189 304 2252 cujus
321 2189 724 2252 praedictionibus
749 2198 952 2238 eventus
976 2191 1348 2254 responderent.
1402 2193 1571 2256 Atque

163 2264 280 2315 hinc
303 2264 433 2312 forte
458 2273 546 2324 est,
574 2266 709 2329 quod
730 2266 907 2325 Judaei,
933 2283 1054 2330 quos
1077 2268 1432 2317 interfecerunt
1456 2286 1570 2317 cum

163 2340 534 2404 prophetarent,
560 2357 729 2389 eorum
755 2342 938 2405 scripta
959 2350 1086 2407 post,
1109 2352 1315 2408 propter
1339 2352 1570 2393 eventum

163 2416 557 2480 praedictionum,
582 2433 674 2481 pro
697 2418 1015 2482 propheticis,
1039 2420 1134 2468 hoc
1170 2429 1262 2480 est,
1290 2438 1381 2485 pro
1411 2423 1572 2471 verbo

163 2492 258 2541 Dei
280 2493 575 2541 habuerunt.

238 2575 314 2617 13.
352 2569 579 2633 Cognito,
596 2586 707 2632 quae
731 2569 916 2618 fuerint
940 2571 1029 2618 sub
1045 2578 1207 2636 pacto
1221 2579 1391 2621 vetere
1408 2573 1565 2640 leges,
1585 2590 1819 2643 Potestaterqin-
1894 2624 1897 2626 ,

165 2652 216 2693 et
239 2645 372 2709 quod
394 2645 592 2693 verbum
617 2646 831 2693 divinum
864 2648 925 2694 ab
961 2648 1102 2696 initio
1132 2657 1415 2712 receptum3
1453 2667 1568 2699 con·
1583 2637 1840 2714 ffssoeffl‘ssffe‘

165 2721 480 2770 siderandum
516 2722 747 2786 deinceps
784 2731 872 2782 est,
897 2740 1048 2787 penes
1079 2740 1224 2787 quem
1255 2725 1334 2773 vel
1358 2742 1480 2790 quos
1505 2727 1566 2775 de
1582 2732 1728 2795 {2¹an
1742 2726 1837 2761 1’0‘2*

165 2797 359 2861 scriptis
373 2799 723 2862 prophetarum
742 2806 854 2862 post
871 2800 1194 2863 surgentium,
1208 2817 1270 2848 an
1284 2802 1566 2866 recipienda
1581 2768 1858 2860 affinfflffiffl

1580 2863 1611 2882 m
1626 2854 1722 2890 Mose,
1735 2855 1808 2884 dum

164 2880 327 2921 essent
356 2889 445 2937 pro
481 2874 630 2922 verbo
662 2875 778 2933 Dei,
816 2875 868 2923 id
903 2882 993 2934 est,
1028 2892 1095 2924 an
1126 2885 1331 2926 eventus
1357 2879 1566 2942 praedic-
1584 2897 1707 2927 viveret„

167 2949 381 2998 tionibus
422 2950 791 3013 responderent,
830 2967 1000 3011 necne,
1035 2952 1305 3015 judicandi,
1345 2960 1395 3004 et
1435 2957 1567 3020 apud
