2020 3262
475 196 570 239 350
1037 211 1283 259 numero.

211 334 428 369 sECT.111.
471 317 691 381 accipere
724 326 900 382 potest,
935 330 991 369 ut
1027 322 1338 376 holocausta;
1390 321 1467 369 vel
1502 322 1687 371 cultum
1721 325 1853 373 exhi-

225 386 415 456 ,ἑξ-,κ
470 393 602 452 bere,
629 410 725 479 quo
744 397 900 459 major
923 397 1139 445 exhiberi
1162 414 1260 445 non
1277 404 1454 460 potest,
1472 404 1529 445 ut
1547 398 1850 448 sacrificium.

471 469 594 517 Haec
629 470 758 518 enim
793 487 850 519 eo
884 473 1108 532 tendunt,
1133 489 1195 520 ne
1220 474 1351 520 Deus
1383 488 1587 535 regnare
1612 473 1853 523 existime-

469 551 579 600 tur;
609 553 781 594 contra
799 547 850 594 id
870 548 1000 610 quod
1015 549 1076 595 ab
1091 548 1231 595 initio
1247 548 1550 611 supponitur.
1605 548 1852 599 Caeterum

467 622 758 683 genuflexio,
794 623 1074 685 prostratio,
1111 623 1189 671 vel
1234 623 1358 670 alius
1400 623 1676 686 quicunque
1712 630 1851 671 actus

468 697 684 759 corporis
719 697 940 745 adhiberi
973 699 1105 746 licite
1141 705 1317 762 potest,
1352 699 1501 746 etiam
1529 699 1581 746 in
1613 699 1749 747 cultu
1780 699 1851 747 ci-

466 770 577 818 vili:
613 781 819 834 possunt
837 773 968 820 enim
986 773 1259 836 significare
1278 773 1576 836 agnitionem
1593 773 1850 837 potestatis

466 845 619 894 civilis
654 855 862 896 tantum.
934 849 1108 896 Cultus
1143 849 1273 896 enim
1309 848 1501 896 divinus
1526 865 1556 896 a
1580 848 1726 908 civili,
1749 864 1851 897 non

464 929 617 981 motu,
642 923 752 982 situ,
776 924 963 982 habitu,
988 932 1072 971 aut
1094 931 1238 987 gestu
1270 924 1487 987 corporis
1517 924 1848 987 distinguitur,

465 996 551 1044 sed
585 999 839 1046 sententiae
875 999 935 1047 de
970 1016 1043 1058 eo,
1069 1000 1152 1062 qui
1180 999 1373 1058 colitur,
1400 1000 1758 1056 declaratione;
1793 1009 1850 1049 ut

463 1072 504 1118 si
526 1081 890 1134 prosternamus
904 1090 993 1121 nos
1012 1082 1124 1122 ante
1143 1074 1369 1136 aliquem,
1389 1075 1551 1123 animo
1570 1075 1850 1123 declarandi

463 1162 521 1193 eo
536 1147 674 1210 signo
694 1148 828 1211 quod
843 1149 1077 1197 habemus
1096 1166 1207 1197 eum
1225 1165 1314 1212 pro
1339 1150 1459 1209 Deo,
1479 1151 1639 1198 cultus
1658 1149 1849 1198 divinus

462 1229 564 1268 est:
602 1222 643 1269 si
666 1222 796 1269 idem
818 1223 1021 1271 facimus
1053 1225 1104 1271 in
1133 1225 1325 1287 signum
1362 1225 1625 1287 agnitionis
1659 1225 1849 1288 imperii

462 1295 631 1354 civilis,
652 1297 812 1344 cultus
831 1298 985 1345 civilis
1009 1305 1096 1346 est.
1155 1299 1327 1362 Neque
1347 1299 1668 1363 distinguitur
1687 1299 1849 1347 cultus

462 1371 658 1418 divinus
686 1387 715 1418 a
746 1371 883 1419 civili
904 1388 992 1435 per
1025 1373 1175 1420 ullam
1209 1374 1466 1432 actionem,
1493 1391 1603 1438 quae
1636 1375 1847 1438 intelligi

462 1445 604 1493 solita
627 1455 703 1494 est
726 1447 814 1494 sub
838 1448 1114 1495 nominibus
1133 1450 1311 1512 λατρεία
1335 1457 1383 1496 61;
1407 1449 1603 1506 δουλείας
1640 1465 1846 1512 quorum

460 1521 596 1583 prius
612 1538 863 1570 servorum
877 1523 1102 1585 qfficium,
1121 1523 1361 1586 posterius
1385 1531 1568 1573 sortem
1592 1525 1844 1584 denotans,

460 1597 660 1644 nomina
683 1605 797 1645 sunt
819 1598 1037 1661 ejusdem
1059 1614 1262 1646 numero
1287 1598 1507 1646 actionis.

180 1692 218 1721 In
232 1701 320 1729 regno
334 1692 389 1720 Dei
534 1678 608 1720 19.
644 1673 718 1720 Ex
741 1673 817 1731 iis,
843 1689 952 1736 quae
984 1673 1118 1721 dicta
1154 1681 1281 1732 sunt,
1316 1674 1577 1737 colligitur,
1612 1682 1846 1738 regnante

179 1736 399 1772 ”atur‘ffi’qum
462 1750 567 1798 Deo
596 1766 685 1813 per
720 1751 873 1799 solam
906 1751 1145 1799 rationem
1175 1751 1464 1810 naturalem,
1501 1767 1705 1815 peccare
1735 1754 1847 1801 sub-

178 1779 220 1806 sit
241 1782 392 1812 macutum,

176 1789 425 1903 fssssissssfgssntjgs
462 1825 604 1885 ditos,
640 1826 815 1889 primo,
855 1827 895 1874 si
933 1827 1119 1874 violant
1157 1827 1289 1890 leges
1328 1827 1535 1875 morales
1575 1827 1698 1887 illas,
1736 1843 1846 1891 quae

179 1897 316 1936 divinoes
459 1901 713 1963 explicatae
760 1908 874 1949 sunt
920 1902 1159 1964 capitibus
1196 1902 1409 1949 secundo
1455 1908 1505 1949 et
1549 1903 1725 1950 tertio:
1772 1918 1845 1950 se-

459 1976 635 2035 cundo,
674 1978 715 2024 si
755 1978 939 2025 violant
976 1978 1108 2040 leges
1145 1977 1245 2025 sive
1283 1977 1516 2025 mandata
1547 1977 1758 2025 civitatis
1794 1978 1846 2025 in

457 2051 517 2098 iis
553 2052 714 2112 rebus,
746 2069 854 2116 quae
889 2053 1136 2116 pertinent
1185 2051 1249 2099 ad
1292 2052 1565 2115 justitiam:
1607 2052 1771 2112 tertio,
1805 2053 1845 2100 si

456 2143 557 2174 non
594 2128 759 2175 colant
789 2128 948 2175 Deum
978 2129 1084 2174 κατὰ
1120 2129 1171 2173 τὰ
1204 2128 1387 2188 νόμιμαε
1433 2134 1623 2190 quarto,
1665 2127 1705 2175 si
1744 2144 1845 2176 non

456 2203 781 2250 confiteantur
799 2219 964 2251 coram
981 2202 1259 2250 hominibus
1274 2203 1433 2251 verbis
1453 2210 1503 2250 et
1516 2203 1672 2261 factis,
1690 2219 1844 2251 unum

456 2293 561 2325 esse
585 2278 744 2326 Deum
762 2278 1015 2341 optimum,
1031 2277 1314 2337 maximum,
1329 2278 1676 2336 beatissimum,
1691 2279 1843 2326 totius

454 2353 626 2400 mundi
657 2353 1113 2416 mundanorumque
1144 2368 1316 2415 regum
1344 2369 1510 2416 regem
1534 2368 1839 2416 supremum:

454 2429 549 2476 hoc
573 2436 662 2488 est,
687 2429 727 2476 si
754 2429 914 2476 Deum
945 2444 1045 2476 non
1077 2428 1261 2476 colunt.
1334 2428 1576 2481 Quartum
1604 2427 1697 2475 hoc
1727 2445 1841 2491 pec-

456 2512 621 2551 catum
644 2504 695 2551 in
718 2520 871 2566 regno
894 2504 987 2551 Dei
1010 2503 1236 2562 naturali,
1255 2518 1343 2565 per
1362 2519 1420 2550 ea
1439 2519 1546 2566 quae
1570 2502 1702 2550 dicta
1725 2513 1840 2553 sunt

454 2580 614 2643 capite
637 2580 959 2643 praecedente,
993 2579 1201 2626 articulo
1224 2578 1474 2641 vigesimo,
1500 2578 1634 2625 Zaesoe
1658 2578 1838 2627 divinoe

454 2655 736 2718 majestatis
773 2655 957 2702 crimen
992 2661 1079 2702 est.
1147 2655 1236 2701 Est
1269 2654 1400 2702 enim
1431 2653 1627 2715 negatio
1660 2653 1836 2703 divinae

457 2731 726 2792 potestatis,
766 2731 865 2778 sive
894 2730 1178 2778 atheismuS.
1248 2728 1522 2777 Procedunt
1557 2728 1686 2775 enim
1721 2745 1835 2792 pec-

455 2813 565 2852 cata
586 2806 681 2866 hic,
707 2805 929 2853 similiter
952 2821 1009 2852 ac
1043 2804 1083 2852 si
1107 2818 1486 2867 supponeremus
1510 2802 1722 2865 aliquem
1747 2804 1834 2853 ho-
