2020 3262
470 259 532 301 96
963 271 1033 304 DE
1060 271 1298 304 HOMINE.

220 400 350 433 SECT,
370 401 420 434 11,
469 378 746 426 alternatim
765 387 1001 442 appetunt
1025 389 1074 429 et
1091 381 1301 444 fugiunt,
1319 381 1472 428 donec
1491 397 1543 428 re
1566 383 1841 444 postulante

225 497 231 507 ,
297 452 347 483 ¹¹·
408 497 414 507 ,
467 462 524 502 ut
548 454 729 517 aliquid
745 455 1021 515 decernant,
1038 457 1282 520 appetitus
1306 457 1504 504 ultimus
1521 458 1620 504 sive
1634 457 1843 507 faciendi

469 530 568 577 sive
593 531 866 589 omittendi,
887 531 969 593 qui
986 532 1229 579 actionem
1247 533 1325 580 vel
1348 532 1656 579 omissionem
1675 533 1842 581 imme-

468 603 597 651 diate
615 605 859 667 producit,
883 605 1077 668 proprie
1102 606 1327 653 voluntas
1348 606 1540 653 dicitur.

187 687 444 738 Appetituspasci-
489 691 492 696 “
535 686 580 727 3.
617 680 753 727 Prior
776 680 1041 728 secundum
1063 688 1252 728 naturae
1275 680 1558 728 methodum
1583 688 1656 728 est
1682 681 1844 728 sensio

188 734 237 758 ‘²¹¹
266 733 452 769 “mmmm
468 770 613 817 quam
651 755 922 818 appetitu&
994 756 1167 803 Utrum
1208 756 1337 802 enim
1373 756 1424 802 id
1462 755 1592 818 quod
1627 755 1844 804 videmus

461 828 734 892 jucundum
766 845 919 876 necne
950 829 1168 877 futurum
1205 830 1282 888 sit,
1318 830 1411 876 nisi
1446 829 1758 893 experiundo,
1794 829 1847 877 id

467 911 540 950 est
565 903 834 963 sentiendo,
861 905 972 952 sciri
990 921 1088 952 non
1107 912 1285 968 potest.
1322 906 1492 968 Itaque
1511 906 1655 968 vulgo
1676 905 1847 953 dicunt

467 978 623 1041 ignoti
661 979 937 1041 cupidinem
973 996 1072 1027 non
1115 996 1232 1027 esse.
1301 981 1632 1027 Veruntamen
1671 979 1846 1043 cupido

468 1054 752 1116 experiundi
776 1054 922 1101 etiam
945 1054 1099 1117 ignoti
1123 1071 1227 1101 esse
1250 1062 1424 1117 potest.
1471 1055 1591 1102 Inde
1615 1062 1688 1102 est
1716 1054 1848 1118 quod

466 1129 674 1176 infantes
708 1145 864 1191 pauca
898 1136 1150 1191 appetunt,
1184 1130 1324 1192 pueri
1359 1130 1499 1192 plura
1522 1137 1571 1177 et
1592 1146 1719 1178 nova
1739 1136 1846 1177 ten-

466 1211 590 1262 tant,
634 1211 682 1251 et
721 1204 1016 1266 procedente
1058 1212 1201 1252 aetate
1242 1205 1496 1252 innumera
1536 1205 1848 1268 experiuntur

466 1278 687 1325 homines
719 1280 912 1335 maturi,
946 1279 1218 1342 praesertim
1249 1279 1440 1338 eruditi,
1473 1280 1620 1327 etiam
1642 1296 1741 1328 non
1765 1296 1848 1332 ne-

468 1353 676 1400 cessaria
691 1375 702 1409 ;
723 1370 924 1416 quaeque
939 1355 1155 1417 jucunda
1170 1371 1273 1402 esse
1288 1356 1474 1418 experti
1489 1356 1664 1414 sciunt,
1678 1363 1847 1418 postea

468 1428 755 1475 sollicitante
787 1430 1020 1477 memoria
1049 1431 1223 1493 saepius
1255 1438 1506 1493 appetunt.
1574 1431 1736 1478 Etiam
1759 1431 1847 1478 ali-

468 1503 660 1565 quando
702 1519 808 1565 quae
853 1505 1011 1566 prima
1056 1506 1355 1568 experientia
1393 1507 1598 1554 molesta
1638 1513 1764 1565 sunt,
1805 1507 1846 1554 si

466 1584 632 1625 tamen
653 1594 764 1626 rara
786 1587 871 1626 aut
893 1596 1020 1627 nova
1040 1580 1238 1639 fuerint,
1265 1582 1612 1629 consuetudine
1635 1581 1846 1629 reddun-

467 1660 548 1700 tur
562 1670 662 1701 non
677 1655 895 1713 molesta,
916 1663 966 1703 et
979 1662 1149 1718 postea
1157 1656 1373 1719 jucunda
1389 1677 1400 1711 ;
1416 1664 1607 1704 tantum
1619 1664 1782 1720 potest
1795 1657 1847 1704 in

468 1736 645 1776 natura
669 1729 983 1792 singularium
1006 1731 1259 1778 hom-inum
1276 1731 1509 1778 mutanda
1532 1731 1845 1779 consuetudo.

191 1840 268 1867 Boni
281 1838 399 1866 „omina
536 1810 583 1851 4.
621 1804 857 1851 Omnibus
902 1806 1062 1864 rebus,
1109 1822 1217 1868 quae
1259 1812 1568 1868 appetuntur,
1610 1813 1847 1869 quatenus

183 1882 454 1963 Jfflssffifhlrlffl
471 1886 783 1942 appetuntur,
807 1897 985 1928 nomen
1010 1898 1264 1929 commune
1290 1889 1362 1929 est
1395 1882 1563 1930 bonum
1578 1901 1596 1937 ;
1632 1891 1683 1930 et
1704 1883 1847 1930 rebus

351 1947 359 1960 '
471 1955 708 2013 omnibUS,
729 1971 847 2018 quas
864 1956 1091 2018 fugimus,
1108 1956 1300 2004 malum.
1348 1957 1518 2019 Itaque
1538 1957 1707 2005 bonum
1723 1958 1847 2005 bene

471 2030 687 2077 definivit
721 2031 1023 2088 Aristoteles,
1058 2032 1179 2079 illud
1213 2048 1314 2079 esse
1343 2033 1475 2095 quod
1508 2049 1672 2081 omnes
1703 2049 1846 2096 appe-

468 2111 594 2152 tunt.
653 2105 750 2152 Sed
769 2122 880 2152 cum
899 2106 994 2153 alia
1012 2106 1093 2153 alii
1111 2113 1344 2169 appetant
1364 2114 1412 2154 et
1429 2107 1632 2170 fugiant,
1653 2123 1847 2156 necesse

470 2188 546 2226 est
579 2180 735 2227 multa
757 2197 859 2228 esse
885 2197 991 2243 quae
1023 2182 1260 2244 aliquibus
1299 2181 1423 2229 bona
1453 2182 1690 2245 aliquibus
1713 2183 1847 2231 mala

469 2262 608 2310 sunt3
633 2263 689 2302 ut
713 2256 841 2318 quod
864 2257 1003 2304 nobis
1030 2256 1198 2304 bonum
1221 2257 1437 2305 hostibus
1460 2257 1651 2304 malum.
1721 2258 1847 2306 Sunt

470 2346 587 2393 ergo
621 2330 790 2378 bonum
815 2340 864 2379 et
896 2332 1071 2379 malum
1103 2334 1440 2395 appetentibus
1471 2343 1520 2380 et
1549 2332 1846 2396 fugientibus

470 2405 721 2452 correlata.
790 2406 981 2454 Bonum
1015 2423 1270 2454 commune
1302 2423 1404 2454 esse
1435 2413 1608 2470 potest,
1640 2414 1688 2454 et
1713 2413 1845 2454 recte

471 2480 566 2527 dici
602 2480 661 2528 de
695 2496 747 2527 re
782 2481 958 2543 aliqua,
995 2481 1308 2528 communiter
1345 2482 1511 2529 bonum
1547 2488 1636 2540 est,
1673 2481 1723 2528 id
1755 2489 1844 2540 est,

470 2555 633 2602 multis
668 2555 802 2614 utile,
838 2556 915 2603 vel
951 2556 1137 2604 civitati
1170 2557 1367 2604 bonum.
1435 2555 1594 2603 Etiam
1628 2556 1845 2603 omnibus

472 2629 640 2676 bonum
666 2630 762 2677 dici
786 2631 1044 2693 aliquando
1066 2638 1241 2694 potest,
1266 2638 1322 2678 ut
1346 2631 1405 2678 de
1429 2630 1662 2685 sanitate3
1688 2631 1773 2678 sed
1796 2638 1846 2679 et

468 2704 574 2751 haec
599 2704 752 2752 oratio
786 2705 990 2753 relativa
1024 2713 1124 2752 est:
1159 2706 1320 2768 itaque
1348 2705 1644 2769 simpliciter
1676 2705 1845 2753 bonum

471 2778 567 2826 dici
590 2796 689 2827 non
711 2787 900 2843 potest;
938 2797 1048 2828 cum
1073 2781 1301 2844 quicquid
1322 2781 1502 2827 bonum
1538 2788 1628 2839 est,
1662 2781 1845 2828 bonum

470 2853 532 2901 sit
555 2854 791 2916 aliquibus
814 2856 890 2903 vel
915 2856 1070 2903 alicui.
1120 2856 1255 2904 Bona
1279 2862 1416 2903 erant
1438 2856 1498 2903 ab
1522 2855 1659 2903 initio
1684 2856 1845 2903 omnia
