2020 3262
188 371 314 403 SECT.
331 372 400 404 111.

283 423 298 438 r

279 432 310 452 ε).

200 469 390 490 ὶὛ-κ

168 514 231 543 Cur
243 516 395 544 brutorum

166 559 349 595 quorundam
364 559 421 587 ani-

166 602 309 629 mantium
342 603 412 639 regi-

166 653 233 672 men
265 645 326 673 sola
356 648 411 673 stet

167 688 334 721 concordia3
363 689 412 717 ho-

164 730 277 759 minum
286 741 345 759 non
354 732 431 761 item.

446 231 542 274 212
989 247 1290 282 IMPERIUM.

446 352 517 400 ita
535 354 749 404 actiones
782 372 892 405 suas
927 358 1144 421 dirigunt
1168 359 1230 406 ad
1252 359 1398 406 finem
1423 374 1744 418 communem,
1766 365 1823 407 ut

448 435 603 476 coetus
628 445 795 478 eorum
818 433 961 480 nullis
986 434 1302 480 seditionibus
1327 435 1423 481 sint
1446 434 1655 481 obnoxii.
1708 434 1822 483 Non

448 512 561 550 sunt
583 511 746 553 tamen
766 514 917 554 coetus
943 523 1109 554 eorum
1134 508 1379 566 civitates,
1405 524 1562 571 neque
1585 508 1694 556 ideo
1718 508 1824 572 ipsa

448 579 674 628 animalia
708 581 926 645 politica
959 583 1164 630 dicenda
1205 591 1346 638 sunt3
1400 584 1576 647 quippe
1618 599 1824 647 quorum

448 655 666 717 regimen
702 659 952 704 consensio
989 665 1181 705 tantum
1218 666 1305 716 est,
1331 659 1432 706 sive
1465 659 1631 706 multae
1653 658 1826 706 volun-

448 737 575 777 tates
599 730 662 778 ad
694 747 846 778 unum
880 733 1151 794 objectum;
1188 749 1287 780 non
1318 741 1375 780 ut
1410 733 1460 780 in
1485 734 1681 781 civitate
1704 748 1825 796 opus

449 813 536 863 est,
551 822 650 853 una
670 807 907 854 voluntas.
977 807 1158 854 Verum
1182 815 1254 854 est
1277 807 1328 854 in
1346 808 1580 855 creaturis
1604 807 1697 856 illis
1722 807 1824 856 solo

450 896 595 927 sensu
618 887 667 928 et
690 881 911 943 appetitu
928 882 1219 940 viventibus,
1246 883 1616 930 consensionem
1640 883 1824 931 animo-

450 971 559 1002 rum
583 955 652 1003 ita
676 972 778 1003 esse
798 956 1080 1015 durabilem,
1106 965 1162 1004 ut
1185 957 1319 1004 nulla
1342 958 1436 1004 alia
1454 974 1507 1004 re
1532 973 1652 1020 opus
1676 958 1739 1006 sit
1762 957 1827 1006 ad

449 1047 570 1089 eam,
605 1037 672 1089 et,
709 1047 768 1078 ex
800 1032 1129 1095 consequenti,
1154 1032 1217 1079 ad
1252 1049 1423 1095 pacem
1456 1033 1584 1080 inter
1620 1049 1670 1080 se
1711 1049 1826 1080 con-

449 1106 751 1164 servandam,
776 1113 1103 1169 praeterquam
1138 1107 1348 1154 naturali
1385 1123 1550 1155 eorum
1587 1108 1824 1170 appetitu.

449 1181 506 1228 In
524 1181 802 1228 hominibus
826 1191 989 1229 autem
1013 1183 1153 1229 aliter
1177 1199 1254 1230 res
1274 1199 1323 1230 se
1346 1183 1510 1231 habet.
1582 1183 1708 1230 Nam
1726 1183 1826 1246 pri-

446 1272 542 1314 mo,
566 1256 695 1303 inter
711 1256 931 1304 homines
956 1265 1203 1304 certamen
1228 1264 1302 1305 est
1324 1258 1523 1305 honoris
1543 1265 1592 1305 et
1617 1258 1825 1321 dignita-

451 1330 541 1384 tis;
579 1331 707 1378 inter
730 1331 909 1379 bestias
933 1348 1033 1379 non
1066 1339 1166 1379 est:
1203 1332 1332 1379 unde
1357 1333 1519 1380 odium
1543 1339 1592 1380 et
1616 1332 1823 1392 invidia,

451 1422 510 1453 ex
535 1406 709 1468 quibus
729 1407 945 1454 nascitur
969 1407 1142 1454 seditio
1168 1415 1216 1454 et
1232 1407 1429 1466 bellum,
1461 1408 1590 1455 inter
1606 1407 1827 1454 homines

449 1488 536 1535 est,
560 1481 688 1527 inter
710 1481 816 1527 illas
849 1496 947 1527 non
974 1488 1062 1528 est.
1134 1482 1375 1540 Secundo,
1400 1482 1644 1545 appetitus
1683 1489 1826 1529 natu-

446 1555 560 1602 ralis
584 1571 730 1618 apum
749 1562 799 1602 et
814 1555 1042 1602 similium
1061 1564 1390 1603 creaturarum
1408 1557 1680 1604 conformes
1698 1563 1825 1615 sunt,

449 1637 499 1677 et
534 1630 758 1677 feruntur
782 1630 844 1678 ad
873 1631 1056 1677 bonum
1089 1647 1360 1690 commune,
1398 1631 1529 1694 quod
1559 1631 1688 1679 inter
1720 1631 1827 1679 illas

449 1722 549 1753 non
594 1706 757 1753 differt
790 1722 820 1753 a
857 1706 1083 1768 privato;
1118 1706 1304 1753 homini
1345 1713 1509 1753 autem
1548 1706 1670 1754 nihil
1704 1722 1829 1769 pene

449 1797 538 1843 pro
561 1781 690 1829 bono
725 1781 947 1839 habetur,
972 1781 1023 1828 in
1048 1797 1143 1844 quo
1162 1798 1261 1829 non
1284 1782 1347 1829 sit
1365 1781 1627 1844 possessori
1645 1781 1828 1845 aliquid

449 1856 682 1918 praecipui
720 1863 768 1903 et
805 1856 967 1903 eximii
997 1871 1098 1918 prae
1135 1872 1191 1903 eo
1222 1856 1354 1919 quod
1375 1856 1625 1919 possident
1648 1857 1827 1904 caeteri.

450 1931 631 1989 Tertio,
656 1931 935 1990 animantia,
962 1947 1070 1994 quae
1093 1932 1333 1979 rationem
1355 1948 1454 1979 non
1488 1932 1686 1990 habent,
1721 1931 1829 1978 nul-

449 2006 551 2053 lum
570 2006 813 2054 defectum
832 2006 1015 2065 vident,
1030 2007 1106 2053 vel
1128 2006 1292 2054 videre
1318 2023 1369 2054 se
1391 2013 1580 2070 putant,
1600 2006 1652 2053 in
1675 2006 1829 2054 admi-

449 2081 735 2129 nistratione
770 2097 966 2128 suarum
999 2081 1486 2144 rerumpublicarum:
1524 2080 1608 2128 sed
1630 2081 1681 2128 in
1705 2080 1828 2128 mul-

449 2156 659 2204 titudine
698 2156 950 2203 hominum
989 2156 1186 2219 plurimi
1227 2163 1340 2204 sunt
1380 2157 1478 2219 qui,
1502 2171 1604 2219 prae
1639 2156 1827 2203 caeteris

452 2247 620 2293 sapere
645 2231 990 2289 existimantes,
1010 2238 1249 2278 conantur
1266 2247 1343 2278 res
1361 2246 1558 2287 novare,
1584 2237 1633 2277 et
1653 2229 1829 2277 diversi

450 2313 706 2354 novatores
729 2306 965 2353 innovant
989 2305 1188 2353 diversis
1213 2306 1368 2353 modis
1388 2327 1399 2361 3
1423 2306 1475 2353 id
1490 2305 1621 2368 quod
1635 2312 1708 2352 est
1731 2305 1828 2352 dis-

450 2382 628 2430 tractio
653 2389 702 2428 et
725 2381 906 2428 bellum
933 2380 1087 2428 civile.
1159 2381 1365 2439 Quarto,
1382 2380 1645 2428 animantia
1665 2380 1829 2439 bruta,

448 2464 715 2519 utcumque
739 2455 927 2518 possint
949 2455 1080 2502 vocis
1116 2471 1215 2503 suae
1239 2472 1381 2503 usum
1416 2456 1625 2518 aliquem
1646 2454 1827 2501 habere

451 2532 515 2579 ad
546 2530 917 2593 significandum
951 2530 1079 2577 inter
1103 2546 1154 2577 se
1186 2531 1386 2577 affectus
1410 2545 1539 2588 suos,
1564 2536 1731 2576 carent
1754 2537 1829 2576 ta-

450 2623 564 2654 men
588 2606 670 2653 illa
692 2606 951 2653 verborum
986 2612 1105 2663 arte,
1143 2621 1250 2667 quae
1272 2604 1541 2652 necessario
1566 2604 1829 2666 requiritur

451 2682 514 2729 ad
536 2681 926 2744 perturbationes
950 2680 1099 2727 animi
1117 2680 1445 2737 concitandas,
1469 2679 1711 2736 nimirum,
1733 2694 1830 2741 qua

450 2758 633 2804 bonum
657 2756 841 2814 melius,
866 2755 1061 2813 malum,
1087 2756 1226 2818 pejus
1251 2761 1622 2817 repraesentatur
1649 2754 1827 2812 animo,

453 2848 597 2895 quam
621 2848 791 2879 revera
812 2837 914 2878 est:
950 2830 1158 2878 hominis
1181 2838 1343 2878 autem
1366 2829 1532 2891 lingua
1555 2829 1674 2877 tuba
1698 2845 1828 2892 quae-
