2020 3262
200 396 329 431 sEc'r.
349 397 418 430 111.

291 448 324 480 3.

175 1067 260 1095 Fides
274 1076 341 1095 cum
355 1075 412 1094 om-

172 1110 259 1138 nibus
275 1111 416 1138 servanda

172 1153 233 1181 sine
246 1154 420 1190 exceptione.

213 2123 324 2161 Injuria
336 2121 415 2160 quid.

464 256 553 299 182
1021 271 1304 305 LIBERTAS.

456 373 594 435 riam,
613 392 1007 442 unumquemque
1020 381 1133 443 jura
1150 380 1372 444 quaedam
1390 395 1476 428 sua
1489 387 1659 430 mutuo
1676 388 1835 431 trans-

454 449 597 511 ferre,
613 459 759 516 atque
782 454 875 502 hoc
898 456 1061 503 vocari
1075 463 1300 520 pactum,
1318 456 1508 518 quoties
1530 456 1748 505 futurum
1771 458 1835 506 sit

455 526 586 588 quod
621 529 924 578 transfertur.
995 531 1105 578 Hoc
1141 538 1302 578 autem
1337 531 1400 578 ad
1435 547 1605 594 pacem
1636 533 1834 580 concili-

453 602 631 650 andam
671 604 974 652 conducibile
1016 613 1104 664 est,
1130 612 1366 668 quatenus
1404 622 1514 668 quae
1544 596 1836 669 paciscimur

452 678 676 726 facienda
696 679 773 727 vel
798 680 1081 738 omittenda,
1107 697 1164 728 ea
1185 697 1238 727 re
1257 681 1362 743 ipsa
1382 680 1587 729 facimus
1601 681 1679 729 vel
1693 682 1836 730 omit-

452 752 628 808 timus;
669 753 944 817 frustraque
980 764 1141 802 essent
1163 763 1321 818 pacta,
1345 755 1439 802 nisi
1477 756 1571 804 illis
1607 764 1834 806 staretur.

455 828 699 876 Quoniam
730 845 846 892 ergo
874 830 1051 894 pactis
1087 837 1242 888 Stare,
1285 830 1382 877 sive
1413 831 1575 892 fidem
1614 847 1833 891 servare,

452 904 780 951 necessarium
816 913 890 951 est
923 905 987 952 ad
1015 921 1186 967 pacem
1224 905 1593 964 conciliandam,
1618 905 1713 953 erit
1747 922 1836 969 per

459 978 717 1026 articulum
741 986 787 1038 2,
813 996 918 1043 cap.
946 995 1004 1027 11.
1029 989 1329 1043 praeceptum
1352 981 1473 1044 legis
1496 981 1745 1029 naturalis.

519 1060 564 1101 2.
601 1054 773 1117 Neque
818 1071 1150 1118 personarum,
1199 1056 1487 1119 quibuscum
1526 1056 1834 1119 paciscimur,

451 1129 550 1176 ulla
568 1129 711 1176 datur
728 1130 820 1177 hac
838 1130 890 1177 in
913 1146 966 1177 re
989 1130 1227 1193 exceptio,
1251 1138 1385 1193 puta,
1406 1131 1447 1177 si
1466 1131 1535 1178 illi
1558 1131 1705 1179 fidem
1724 1148 1836 1179 cum

451 1204 557 1252 aliis
580 1221 672 1252 nec
697 1212 903 1263 servent,
928 1222 1020 1253 nec
1054 1206 1340 1253 servandam
1363 1213 1552 1269 putent,
1587 1213 1673 1254 aut
1703 1206 1836 1254 aliud

453 1280 703 1342 quodlibet
740 1281 954 1328 habeant
976 1282 1164 1329 vitium.
1223 1282 1351 1329 Nam
1375 1282 1458 1344 qui
1475 1282 1751 1345 paciscitur,
1776 1297 1834 1329 eo

453 1354 585 1416 quod
622 1356 899 1417 paciscitur,
938 1357 1259 1404 frustraneam
1308 1373 1413 1404 eam
1457 1372 1559 1404 θεεθ
1593 1357 1834 1404 actionem

450 1436 614 1492 negat.
659 1430 721 1477 Et
746 1438 916 1478 contra
932 1431 1170 1478 rationem
1190 1438 1279 1489 est,
1304 1432 1537 1479 scientem
1558 1432 1741 1479 frustra
1762 1425 1835 1480 fa-

451 1520 575 1552 cere.
645 1504 782 1551 Idem
817 1505 857 1552 si
890 1503 1220 1572 praestandum
1237 1515 1435 1569 pactum
1471 1523 1571 1554 non
1600 1513 1756 1570 putet,
1776 1523 1834 1555 eo

452 1579 584 1642 quod
607 1579 676 1627 sic
695 1586 852 1643 putat,
871 1580 1149 1642 pactionem
1172 1581 1376 1628 eandem
1391 1581 1713 1629 frustraneam
1730 1598 1834 1630 esse

451 1656 672 1703 affirmat.
712 1656 810 1704 Qui
830 1671 946 1718 ergo
961 1656 1222 1718 paciscitur
1246 1673 1357 1704 cum
1381 1673 1455 1715 eo,
1476 1657 1671 1719 quicum
1686 1657 1834 1705 fidem

450 1747 641 1779 servare
656 1747 706 1779 se
720 1732 876 1779 teneri
891 1748 989 1779 non
1003 1738 1160 1795 putat,
1170 1731 1311 1779 simul
1327 1732 1605 1795 pactionem
1612 1747 1717 1780 θεεθ
1730 1748 1834 1780 rem

449 1806 775 1855 frustraneam
806 1814 855 1854 et
890 1823 990 1855 non
1013 1807 1338 1855 frustraneam
1361 1809 1583 1866 affirmat,
1609 1808 1739 1871 quod
1762 1815 1836 1856 θεῖ

449 1882 727 1930 absurdum.
799 1883 925 1930 Cum
943 1883 1075 1930 omni
1098 1883 1248 1946 igitur
1269 1883 1480 1942 homine,
1503 1882 1581 1930 vel
1599 1882 1837 1930 servanda

451 1964 524 2005 θεῖ
545 1957 683 2016 fides,
706 1957 783 2005 vel
817 1974 917 2005 non
939 1958 1297 2021 paciscendum,
1333 1958 1428 2005 hoc
1451 1965 1542 2017 θεῖ,
1565 1958 1643 2006 vel
1676 1957 1834 2006 decla-

450 2038 611 2080 ratum
633 2032 830 2091 bellum,
848 2032 926 2079 vel
950 2042 1084 2079 certa
1107 2040 1157 2080 et
1179 2033 1278 2080 fida
1293 2033 1518 2080 habenda
1540 2039 1614 2080 est
1634 2049 1744 2096 pax.

519 2114 564 2155 3.
602 2108 737 2155 Paeti
777 2107 991 2164 violatio,
1032 2108 1158 2155 sicut
1198 2115 1246 2155 et
1292 2108 1393 2156 dati
1437 2108 1677 2171 repetitio,
1725 2124 1833 2171 quae

452 2199 642 2246 semper
665 2183 759 2230 sita
781 2190 856 2230 θεῖ
878 2183 929 2229 in
952 2183 1115 2246 aliqua
1137 2183 1327 2231 actione
1350 2184 1426 2231 vel
1457 2183 1727 2241 omissione,
1746 2200 1833 2231 vo-

453 2265 592 2306 catur
611 2272 859 2306 INJURIA.
896 2259 1039 2306 Actio
1058 2266 1223 2306 autem
1240 2259 1322 2306 illa
1334 2260 1412 2307 vel
1431 2259 1626 2307 omissio
1645 2259 1832 2321 injusta

453 2334 659 2389 dicitur3
700 2341 757 2381 ut
792 2333 923 2380 idem
959 2335 1235 2397 significent
1271 2335 1474 2397 injuria,
1515 2342 1563 2382 et
1595 2334 1722 2382 actio
1753 2335 1832 2382 vel

453 2409 647 2457 omissio
672 2409 875 2472 injusta,
900 2417 1044 2472 atque
1067 2418 1272 2473 utraque
1295 2410 1424 2458 idem
1448 2409 1579 2473 quod
1600 2410 1733 2472 pacti
1754 2410 1832 2457 vel

436 2484 571 2545 fidei
616 2484 838 2532 violatio„
914 2486 1215 2549 Videturque
1263 2486 1458 2548 injuria>
1500 2500 1678 2532 nomen
1718 2484 1831 2532 inde

453 2560 636 2607 actioni
658 2560 735 2607 vel
766 2561 1015 2608 omissioni
1038 2561 1202 2619 tribui,
1229 2561 1342 2624 quia
1364 2560 1470 2607 sine
1480 2561 1602 2620 jure
1635 2567 1723 2618 est,
1754 2568 1832 2608 ut-

452 2641 566 2697 pote
602 2635 733 2697 quod
767 2635 828 2683 ab
860 2651 933 2694 eo,
966 2636 1049 2698 qui
1079 2636 1181 2699 agit
1207 2636 1285 2683 vel
1312 2635 1506 2692 omittit,
1541 2635 1831 2689 translatum

453 2716 599 2757 antea
629 2710 680 2757 in
712 2710 860 2757 alium
889 2710 1063 2759 fuerat.
1132 2711 1195 2758 Et
1219 2717 1291 2758 est
1319 2709 1582 2757 similitudo
1608 2710 1831 2773 quaedam

451 2785 578 2832 inter
600 2785 666 2844 id,
692 2785 824 2848 quod
845 2786 897 2832 in
919 2786 1019 2834 vita
1041 2786 1287 2834 communi
1308 2792 1511 2833 vocatur
1535 2785 1722 2847 injuria
1737 2804 1756 2840 ;
1781 2793 1832 2834 θῖ

452 2859 518 2918 id,
539 2860 668 2922 quod
685 2860 736 2908 in
759 2861 934 2909 scholis
952 2862 1073 2910 solet
1090 2860 1320 2924 appellari
1340 2859 1620 2908 absurdum.
1647 2861 1830 2910 Quem-
