1982 3256
453 275 513 318 82
964 287 1034 320 DE
1061 287 1302 321 HOMINE.

199 415 325 448 sacr,
351 415 400 449 11,
450 394 694 458 dioptrum
733 396 872 444 oculo
911 398 1206 461 applicatum
1244 413 1510 446 concavum
1541 407 1629 459 est,
1653 400 1810 463 detera

208 511 215 521 ,
287 467 317 497 9·
448 470 661 518 minatur
683 471 776 519 hoc
795 472 956 520 modo.

171 558 283 597 objecti
301 569 352 597 per
515 545 588 593 Sit
614 546 685 607 (in
706 547 862 610 figura
885 547 1076 610 quarta)
1105 549 1271 596 oculus
1290 549 1335 596 A
1350 549 1390 596 B
1407 549 1461 607 C,
1486 556 1709 596 centrum
1730 564 1807 596 re-

168 602 354 639 telescopium
370 603 424 632 visi

167 645 383 682 cuj-nmmum
394 620 562 675 ffiitinae
586 621 645 679 D,
671 622 772 669 axis
797 623 984 684 opticus
1009 623 1048 669 L
1064 624 1111 670 H
1128 624 1171 670 D
1188 624 1241 681 C,
1266 624 1510 687 dioptrum
1541 639 1808 672 concavum

167 691 431 770 ζξῇξιζῗιξξξιξζζ
447 695 501 742 Μ
520 695 582 754 Ν,
608 695 853 759 dioptrum
892 713 1160 745 convexum
1195 699 1240 746 R
1261 699 1334 748 Q:
1371 715 1478 761 quae
1514 699 1705 762 dioptra
1737 698 1808 747 ita

165 782 276 811 Parem·
443 770 679 818 collocata
700 787 804 819 esse
839 781 1184 835 supponantur,
1219 781 1276 820 ut
1296 782 1531 836 punctum
1555 773 1734 836 objecti
1757 773 1806 820 H

443 844 668 894 distincte
705 847 927 894 videatur
947 868 958 902 ;
996 847 1153 911 sitque
1176 855 1335 895 totum
1368 850 1612 911 objectum
1636 849 1683 896 H
1702 849 1724 896 I
1745 849 1805 896 K.

443 920 670 967 Sumatur
692 921 743 968 in
766 922 957 984 objecto
991 929 1224 984 punctum
1253 924 1504 986 quodlibet
1527 925 1566 982 Ι,
1591 930 1640 971 et
1663 923 1808 971 duca-

440 1002 521 1042 tur
537 995 699 1043 radius
719 997 741 1043 I
758 997 819 1055 Q,
837 996 919 1058 qui
938 997 1174 1044 refractus
1191 998 1242 1044 in
1262 998 1309 1046 Q
1330 1014 1417 1061 per
1442 999 1489 1046 Q
1504 998 1557 1045 M
1573 998 1808 1061 refringa-

440 1077 521 1117 tur
543 1086 706 1118 rursus
741 1087 828 1134 per
853 1072 906 1118 M
923 1072 966 1119 D
991 1072 1054 1119 ad
1088 1080 1307 1120 centrum
1330 1074 1530 1128 retinae3
1565 1073 1809 1121 videbitur

440 1161 555 1208 ergo
578 1153 813 1207 punctum
838 1147 884 1193 H
904 1146 955 1192 in
978 1163 1066 1194 axe
1090 1147 1133 1194 D
1151 1148 1215 1206 H,
1242 1156 1291 1195 et
1313 1156 1548 1211 punctum
1572 1148 1594 1195 Ι
1618 1148 1669 1195 in
1693 1149 1737 1196 D
1753 1148 1807 1196 M

439 1219 701 1282 producta:
739 1236 853 1267 nam
874 1236 961 1282 per
984 1222 1345 1270 conversionem
1378 1223 1520 1281 oculi,
1546 1239 1653 1285 quae
1675 1224 1734 1270 fit
1757 1223 1808 1270 in

439 1295 616 1357 objecti
647 1295 864 1357 partibus
901 1296 1132 1358 legendis,
1159 1297 1252 1344 erit
1284 1314 1414 1345 nunc
1437 1297 1481 1345 D
1497 1298 1550 1345 M
1591 1298 1693 1345 axis
1721 1314 1808 1361 op-

438 1369 580 1427 ticus,
601 1370 683 1432 qui
705 1370 909 1432 produci
932 1371 1234 1434 intelligatur
1257 1380 1392 1419 recta
1413 1373 1493 1420 via
1515 1372 1578 1420 ad
1602 1373 1660 1420 O.
1732 1372 1806 1420 Si-

438 1444 632 1501 militer,
667 1445 829 1492 radius
863 1462 893 1492 a
923 1454 1106 1508 puncto
1143 1447 1187 1492 K
1225 1446 1519 1510 refringatur
1557 1463 1644 1510 per
1681 1447 1726 1494 R
1740 1447 1804 1506 N,

439 1526 489 1566 et
524 1519 638 1566 inde
670 1536 757 1582 per
788 1521 909 1569 ND.
977 1521 1232 1568 Videbitur
1265 1538 1380 1584 ergo
1414 1529 1650 1584 punctum
1674 1523 1719 1570 K
1755 1523 1807 1570 in

437 1595 565 1642 linea
586 1595 755 1642 visuali
773 1595 816 1642 D
832 1596 895 1654 N,
915 1612 1023 1658 quae
1036 1596 1332 1658 producatur
1345 1613 1497 1660 usque
1515 1598 1578 1644 ad
1601 1598 1651 1645 P.
1699 1597 1807 1645 Erit

438 1663 553 1733 ergo
577 1670 712 1717 locus
746 1686 982 1732 apparens
1004 1671 1173 1733 puncti
1209 1671 1256 1718 H
1282 1671 1332 1717 in
1355 1671 1399 1718 D
1416 1672 1481 1730 H,
1505 1672 1672 1734 puncti
1708 1673 1731 1719 I
1754 1672 1805 1719 in

437 1746 480 1793 D
500 1746 558 1804 Ο,
595 1753 644 1792 et
666 1746 836 1808 puncti
861 1746 906 1793 K
929 1745 980 1793 in
1003 1746 1047 1792 D
1063 1746 1114 1793 P.
1185 1746 1520 1808 Supponamus
1539 1749 1640 1810 jam
1652 1763 1805 1810 punc-

435 1828 539 1868 tum
554 1821 901 1869 evanescentiae
916 1821 1095 1884 objecti
1119 1821 1254 1868 HIK
1271 1837 1373 1869 esse
1387 1822 1439 1869 in
1462 1823 1516 1881 L,
1541 1829 1590 1870 et
1602 1823 1688 1870 fiat
1710 1822 1754 1870 D
1771 1822 1804 1869 S

435 1883 631 1958 aequalis
662 1904 711 1943 et
732 1896 961 1959 parallela
981 1905 1128 1944 rectae
1155 1896 1202 1943 H
1220 1897 1256 1943 P
1275 1913 1286 1951 ;
1322 1904 1372 1944 et
1395 1898 1438 1944 D
1453 1898 1493 1945 T
1516 1905 1734 1945 sumatur
1754 1897 1806 1944 in

435 1971 540 2033 ipsa
557 1971 600 2018 D
618 1972 649 2018 S
668 1972 863 2034 aequalis
882 1979 1027 2019 rectae
1047 1971 1095 2018 H
1112 1972 1170 2030 Ο,
1201 1972 1564 2036 junganturque
1579 1973 1619 2020 L
1631 1973 1687 2030 T,
1707 1972 1802 2020 LS.

438 2046 602 2094 Quare
637 2046 771 2093 locus
808 2062 1044 2109 apparens
1066 2047 1238 2109 puncti
1262 2047 1284 2093 Ι
1309 2054 1381 2094 est
1398 2047 1449 2094 in
1473 2048 1574 2104 LT,
1600 2054 1647 2095 et
1670 2047 1804 2095 locus

436 2137 672 2184 apparens
696 2122 866 2184 puncti
891 2122 935 2168 K
958 2122 1009 2168 in
1033 2122 1072 2169 L
1088 2122 1136 2169 S.
1209 2121 1306 2169 Sed
1330 2130 1469 2170 erant
1492 2123 1662 2171 eadem
1697 2123 1806 2170 loca

436 2197 488 2243 in
508 2196 551 2243 D
568 2196 626 2254 O,
651 2196 771 2251 DP;
809 2205 921 2243 sunt
945 2212 1060 2259 ergo
1095 2197 1145 2243 in
1186 2197 1610 2245 intersectionibus
1644 2205 1802 2245 recta-

435 2287 542 2318 rum
566 2271 609 2318 D
626 2272 684 2329 Ο,
716 2272 759 2318 D
776 2272 812 2318 P
835 2287 945 2318 cum
967 2272 1112 2319 rectis
1133 2272 1171 2318 L
1188 2272 1244 2330 T,
1269 2273 1308 2319 L
1324 2273 1372 2331 S,
1397 2273 1448 2320 id
1465 2282 1552 2331 est,
1576 2273 1628 2320 in
1650 2289 1803 2335 punc-

436 2347 500 2393 tis
515 2346 559 2391 V
573 2353 621 2395 et
642 2347 707 2394 X.
775 2346 935 2393 Ducta
952 2346 1102 2408 igitur
1123 2347 1167 2393 V
1181 2347 1229 2394 X
1248 2355 1297 2394 et
1318 2347 1556 2409 producta
1578 2347 1642 2394 ad
1663 2363 1802 2394 axem

434 2421 485 2468 in
516 2421 572 2479 Y,
608 2421 700 2468 erit
721 2421 826 2468 YX
843 2421 887 2467 V
915 2421 1051 2468 locus
1086 2437 1322 2484 apparens
1355 2422 1532 2485 objecti
1555 2421 1603 2468 H
1620 2422 1643 2469 I
1659 2422 1720 2480 K,
1744 2429 1802 2469 ut

435 2497 736 2560 propositum
760 2503 849 2555 est,
875 2496 1234 2544 determinatus.

157 2576 270 2614 Objecfi
280 2584 337 2626 ‚1³01
378 2620 384 2626 ,
403 2619 410 2626 ‚
502 2576 548 2619 6.
579 2571 763 2618 Eodem
782 2571 927 2618 etiam
944 2571 1088 2618 modo
1113 2571 1460 2618 determinatur
1475 2571 1609 2618 locus
1623 2572 1801 2634 objecti

153 2619 422 2701 {Zeissqiffimssl}
438 2662 671 2709 apparens
709 2662 796 2709 per
834 2646 1161 2709 telescopium,
1203 2647 1338 2709 cujus
1378 2646 1621 2708 dioptrum
1661 2647 1800 2694 oculo

153 2707 421 2786 ἶῗιῗιᾞῗοῖῗξὲζῖ
436 2722 707 2784 proximum
725 2728 797 2769 est
815 2738 1079 2770 convexum
1096 2742 1107 2777 ;
1131 2721 1223 2768 nisi
1242 2721 1370 2783 quod
1386 2720 1523 2779 radii,
1542 2727 1801 2784 antequam

154 2801 265 2830 Parem·
436 2796 499 2844 ad
521 2797 712 2845 oculum
725 2797 1024 2860 perveniant,
1054 2813 1193 2846 axem
1216 2796 1427 2860 opticum
1450 2802 1499 2844 et
1521 2811 1573 2844 se
1595 2796 1802 2844 invicem

437 2879 614 2919 secent.
